5118 6544
890 633 930 727 n
1004 635 1128 727 an
1164 579 1265 729 w(
1313 635 1399 733 nr.
1966 673 2027 768 19

446 803 632 918 prohibet
664 803 782 906 and
812 803 1024 912 Burgenses
1052 805 1219 913 predicti
1256 831 1388 884 coram
1426 804 1602 915 predidio
1637 807 1882 888 Cancellario

446 929 608 1038 ¹aliquod
620 931 894 1034 juramentum
914 930 1025 1009 aliter
1044 955 1123 1008 non
1144 925 1289 1009 faciant
1309 928 1379 1008 niti
1401 927 1501 1010 salva
1526 927 1604 1008 fide
1623 925 1776 1008 domini
1795 929 1880 1010 Re-

447 1055 508 1158 gis
528 1071 566 1130 et
585 1051 692 1160 quod
712 1051 891 1131 decetero
911 1079 989 1131 non
1003 1054 1139 1160 jurent
1168 1052 1274 1162 quod
1293 1055 1481 1160 conqueri
1501 1051 1537 1132 se
1556 1076 1636 1132 non
1652 1053 1820 1132 debeant
1839 1053 1881 1133 in

446 1175 556 1252 curia
574 1174 727 1254 domini
743 1175 864 1282 Regis
884 1175 932 1253 de
952 1173 1306 1283 transgreffionibus
1326 1174 1397 1254 fibi
1416 1173 1527 1256 fadiis
1547 1173 1575 1255 fi
1594 1175 1740 1254 necesse
1759 1171 1880 1256 fuerit

448 1293 504 1374 set
530 1296 715 1376 dominus
748 1297 838 1377 Rex
863 1295 948 1377 vult
976 1299 1076 1378 bene
1104 1299 1210 1406 quod
1224 1299 1496 1404 juramentum
1517 1297 1880 1384 Aldermannorum

447 1435 487 1496 et
513 1419 639 1498 eciam
666 1423 756 1499 odio
785 1437 825 1500 et
853 1421 1138 1530 quinquaginta
1165 1419 1375 1500 hominum
1396 1420 1486 1502 ville
1505 1423 1678 1530 predidte
1698 1421 1879 1502 decetero

447 1539 516 1620 fiat
548 1541 645 1621 ficut
669 1539 751 1622 fieri
771 1541 972 1642 consuevit¹
989 1547 1050 1624 Ita
1069 1535 1083 1582 ⁵
1104 1543 1210 1651 quod
1232 1541 1398 1651 predicti
1417 1541 1629 1656 Burgenses
1650 1571 1729 1624 non
1743 1542 1880 1649 jurent

447 1663 519 1742 nifi
545 1691 617 1773 pro
647 1665 773 1776 seipiis
809 1667 862 1745 Et
882 1687 1112 1777 preceptum
1132 1665 1186 1746 est
1207 1665 1354 1772 Majori
1380 1670 1486 1776 quod
1505 1672 1683 1750 decetero
1703 1666 1796 1746 scire
1816 1662 1879 1745 fa-

447 1787 525 1865 ciat
549 1789 793 1870 Cancellario
813 1792 919 1898 quod
940 1791 986 1870 fit
1006 1791 1052 1870 ad
1067 1792 1338 1898 juramentum
1357 1783 1583 1871 faciendum
1603 1790 1650 1868 de
1670 1785 1878 1896 Burgensr·

447 1907 522 1987 bus
542 1912 724 2017 predictis
745 1913 959 1991 secundum
981 1929 1156 1991 tenorem
1176 1931 1282 1990 carte
1297 1911 1448 1991 domini
1465 1915 1585 2022 Regis
1708 1913 1779 1990 An
1800 1908 1878 1990 hoc
1921 1913 1957 2017 §.
1974 1935 2039 2018 31.

447 2032 572 2108 eciam
601 2036 707 2139 quod
743 2035 907 2143 predicti
937 2035 1071 2140 Major
1101 2051 1141 2114 et
1168 2034 1379 2142 Burgenses
1413 2052 1630 2143 queruntur
1657 2031 1880 2141 quodcum

446 2149 692 2234 forisfactura
718 2156 883 2235 emende
909 2177 948 2236 et
969 2159 1271 2236 amerciamenta
1288 2159 1337 2235 de
1355 2157 1537 2236 carnibus
1557 2177 1595 2236 et
1614 2155 1784 2262 piscibus
1801 2182 1879 2263 pu·

447 2275 558 2354 tridis
576 2295 615 2354 et
634 2278 994 2387 incompetentibus
1011 2280 1233 2387 pertineant
1253 2279 1416 2358 domino
1436 2278 1539 2388 Regi
1559 2298 1598 2358 et
1617 2275 1774 2358 Ballivis
1802 2277 1878 2356 suis

445 2397 619 2504 predicte
640 2397 745 2478 Ville
765 2403 807 2478 in
833 2427 1175 2508 quorumcumque
1201 2419 1464 2482 mercatorum
1488 2401 1660 2510 ejusdem
1690 2399 1794 2479 Ville
1814 2398 1880 2480 seu

444 2517 614 2598 aliorum
645 2521 827 2602 manibus
857 2525 1108 2604 inveniantur
1138 2525 1304 2632 predicti
1340 2525 1604 2604 Cancellarius
1635 2540 1675 2600 et
1708 2521 1878 2602 Scolares

445 2667 516 2748 per
554 2641 824 2725 Procuratores
862 2646 947 2726 suos
987 2647 1258 2726 Univerfitatis
1289 2647 1463 2756 predicte
1507 2648 1578 2727 fibi
1615 2642 1877 2725 forisfacturas

445 2766 629 2844 emendas
659 2784 699 2846 et
717 2769 1020 2848 amerciamenta
1038 2770 1107 2848 illa
1126 2771 1376 2876 appropriant
1397 2770 1473 2848 line
1493 2771 1706 2850 Warranto
1727 2786 1770 2847 ut
1790 2795 1876 2846 cre·

445 2885 553 2967 ditur
573 2888 619 2966 ad
639 2916 755 2996 grave
774 2891 993 2998 dampnum
1024 2890 1145 2998 Regis
1175 2909 1214 2966 et
1241 2889 1503 2968 firmariorum
1523 2891 1681 2969 suorum
1705 2889 1877 2994 ejusdem

446 3008 553 3088 Ville
615 3012 684 3088 Au
702 3013 808 3118 quod
828 3013 1011 3089 dominus
1032 3013 1121 3086 Rex
1134 3009 1218 3084 vult
1238 3027 1278 3086 et
1296 3011 1463 3116 precipit
1483 3011 1604 3114 Qod
1623 3035 1751 3115 neque
1770 3009 1879 3088 Can·

446 3128 625 3206 cellarius
657 3156 784 3236 neque
813 3130 946 3234 Major
970 3127 1233 3207 forisfacturas
1263 3131 1447 3210 emendas
1478 3129 1539 3210 vel
1576 3130 1879 3209 amerciamenta

446 3249 539 3332 talia
569 3251 760 3359 percipiat
790 3250 844 3330 set
874 3252 1045 3360 precipit
1068 3268 1108 3329 et
1139 3250 1225 3330 vult
1252 3251 1359 3359 quod
1379 3252 1406 3331 fi
1427 3251 1520 3332 tales
1544 3279 1676 3332 earnes
1697 3269 1735 3330 et
1756 3250 1877 3359 pisces

446 3391 627 3452 emantur
659 3393 698 3453 et
732 3375 824 3452 inde
860 3371 927 3452 fiat
962 3372 1210 3480 querimonia
1244 3373 1351 3480 quod
1381 3375 1646 3454 Cancellarius
1676 3392 1717 3452 et
1744 3373 1878 3478 Major

445 3495 688 3600 conjundtim
708 3495 800 3574 inde
819 3491 989 3574 habeant
1009 3496 1282 3602 cognicionem
1303 3513 1342 3575 et
1362 3497 1389 3575 fi
1409 3525 1468 3576 res
1487 3515 1621 3606 empta
1639 3496 1796 3606 putrida
1816 3495 1877 3574 vel

444 3616 716 3727 incompetens
745 3619 966 3698 inveniatur
993 3617 1177 3696 reddatur
1202 3620 1373 3726 emptori
1397 3622 1564 3728 pecunia
1581 3621 1646 3700 sua
1666 3647 1785 3727 quam
1804 3645 1877 3726 pro

446 3767 492 3820 ea
524 3739 632 3821 dedit
662 3758 702 3819 et
719 3738 969 3820 forisfactura
992 3757 1032 3820 et
1059 3741 1360 3822 amerciamenta
1381 3769 1449 3850 per
1468 3739 1569 3850 ipsos
1590 3737 1879 3824 Cancellarium

447 3881 486 3942 et
515 3863 712 3968 Majorem
741 3863 1015 3972 adjudicentur
1033 3880 1072 3943 et
1098 3890 1167 3972 per
1190 3863 1344 3944 eosdem
1364 3863 1581 3944 liberentur
1599 3865 1725 3945 Priori
1745 3859 1878 3971 hospi·

443 3983 531 4064 talis
562 3984 681 4066 saneti
711 3985 901 4092 Johannis
922 3986 1087 4096 predicti
1107 3985 1155 4065 de
1174 3987 1279 4066 dono
1295 3988 1448 4067 domini
1467 3989 1589 4096 Regis
1609 3988 1657 4068 ad
1676 3987 1783 4066 suam
1804 4013 1875 4067 vo·
2011 4069 2014 4074 ,

444 4108 640 4188 luntatem
654 4099 721 4190 &c
829 4113 899 4190 An
916 4110 994 4190 hoc
1008 4110 1132 4188 eciam
1148 4110 1255 4216 quod
1273 4110 1439 4218 predicti
1455 4110 1588 4218 Major
1606 4129 1645 4190 et
1665 4107 1877 4218 Burgenses
1920 4140 1954 4245 5
1969 4160 2036 4248 3²·

447 4250 666 4338 queruntur
696 4233 803 4344 quod
824 4260 917 4314 eum
936 4260 1006 4344 per
1025 4249 1174 4312 cartam
1192 4233 1345 4312 domini
1366 4233 1488 4340 Regis
1509 4259 1587 4312 non
1608 4233 1879 4312 conceduntur

446 4353 577 4461 alique
608 4355 805 4437 libertates
835 4357 920 4434 aliis
956 4357 998 4435 in
1033 4356 1206 4465 predista
1234 4355 1341 4434 Villa
1369 4383 1490 4462 quam
1520 4355 1740 4435 Scolaribus
1771 4357 1877 4434 Uni-

448 4477 632 4557 versrtatis
664 4480 837 4587 predicte
864 4497 904 4558 et
923 4479 1008 4558 ‘illi
1028 4479 1199 4558 Scolares
1231 4477 1306 4557 fint
1335 4479 1512 4585 exempti
1540 4505 1563 4556 a
1591 4480 1879 4558 communitate

446 4600 619 4706 predicta
654 4603 703 4682 ad
737 4602 1051 4711 respondendum
1089 4627 1224 4680 coram
1252 4601 1309 4679 eis
1338 4602 1400 4681 vel
1429 4601 1542 4682 simul
1582 4628 1675 4714 cum
1705 4600 1793 4708 ipfis
1832 4597 1881 4677 de

867 4839 1083 4902 VARIAE
1125 4838 1468 4902 LECTIONES.

496 4977 509 5018 θ
529 4995 634 5044 tamen.
669 4983 709 5043 H
728 4984 769 5044 so.
786 4981 833 5044 16.
1182 4985 1347 5146 C‘qu‘id·
1370 4983 1412 5044 Η·
1429 4983 1481 5045 s01·
1499 4981 1547 5044 ¹⁶·
1710 5066 1737 5143 ¹.
1799 5058 1837 5140 .b

1247 5095 1271 5150 2
1689 5091 1810 5173 arqui
1840 5084 1884 5139 us
