5118 6544
1174 607 1683 704 CARTA

717 813 778 891 cia
802 809 1109 920 Archiepiscopo
1136 812 1254 890 Ebor'
1277 812 1423 920 Anglie
1441 812 1612 893 Primate
1632 828 1671 890 et
1691 810 1936 892 cancellario
1963 813 2141 894 Williel-

717 961 785 1012 mo
808 935 886 1012 Dei
903 935 1032 1040 gracia
1059 936 1251 1042 Wynton’
1275 935 1469 1043 Episcopo
1493 936 1639 1042 Anglie
1673 931 1932 1012 Thesaurario
1957 938 2142 1042 predistis

719 1055 897 1134 Domino
923 1053 1103 1160 Jobanne
1135 1058 1182 1134 de
1210 1057 1416 1165 Wynwyk
1449 1058 1604 1136 Clerico
1640 1055 1753 1164 sigilli
1787 1059 1926 1163 privati
1963 1057 2138 1138 dominis

718 1177 941 1256 Willielmo
962 1178 1009 1256 de
1036 1176 1255 1258 Shareshull
1285 1179 1461 1258 Roberto
1488 1181 1536 1258 de
1564 1178 1716 1286 Thorp'
1736 1177 1936 1256 Richardo
1955 1178 2002 1256 de
2021 1178 2145 1286 wyl-

717 1298 843 1407 lugby
861 1300 1038 1378 Henrico
1059 1301 1107 1379 de
1128 1303 1259 1379 Grene
1280 1301 1482 1381 Militibus
1503 1329 1546 1380 ac
1566 1300 1793 1406 Justiciariis
1828 1300 1979 1379 domini
2018 1301 2142 1406 Regis

721 1439 760 1498 et
799 1421 883 1500 aliis
928 1423 1020 1503 Dat’
1054 1425 1156 1530 apud
1190 1424 1581 1503 Westmonasterium
1613 1424 1677 1501 die
1710 1441 1749 1502 et
1782 1449 1883 1501 anno
1916 1421 2143 1530 supradistis

555 1530 587 1629 i·
610 1523 675 1628 ⁶9·
720 1541 817 1620 Nos
849 1568 1025 1624 Auram
1043 1547 1113 1652 qui
1133 1545 1180 1622 ad
1200 1547 1346 1625 didam
1377 1547 1680 1625 Univerfitatem
1709 1574 1787 1654 que
1815 1545 1921 1622 velut
1950 1545 2040 1622 vitis
2067 1541 2143 1622 ha-

499 1652 678 1790 ffiffi‘·
719 1662 896 1744 bundans
924 1694 994 1776 per
1015 1668 1275 1746 excercicium
1304 1667 1472 1747 liberalis
1503 1669 1667 1748 sciencie
1700 1671 1925 1747 innumeros
1954 1667 2143 1776 produxit

498 1814 582 1871 saw.
598 1753 650 1873 stt.
672 1812 708 1871 de
719 1787 900 1894 palmites
925 1789 1140 1869 fructuosos
1160 1791 1277 1868 Viros
1306 1789 1471 1869 videlicet
1499 1791 1681 1897 providos
1701 1809 1741 1870 et
1756 1790 1937 1869 discretos
1958 1790 2027 1897 qui
2046 1788 2144 1867 ficut

499 1893 694 2032 ffllffiffi·
719 1908 872 1988 novelle
904 1912 1096 1991 olivarum
1125 1909 1351 1991 frondentes
1388 1931 1429 1991 et
1459 1912 1713 1992 fecundantes
1750 1915 1791 1991 in
1820 1910 1951 1990 frusto
1994 1912 2148 1990 nedum¹

499 2073 669 2144 raep'raece-
719 2059 885 2137 regnum
913 2033 1088 2113 nostrum
1107 2036 1255 2142 Anglie
1274 2034 1329 2114 set
1349 2035 1486 2114 orbem
1507 2053 1697 2115 terrarum
1717 2037 1758 2115 in
1778 2035 1946 2113 circuitu
1965 2030 2146 2110 intellec-

499 2133 603 2192 d⁰¹¹u⁸·
719 2171 782 2230 tus
813 2170 853 2230 et
885 2157 1075 2262 sapiencie
1104 2156 1311 2234 dulcedine
1340 2156 1585 2266 repleverunt
1604 2157 1818 2268 privelegio
1837 2156 2065 2235 dileccionis
2084 2152 2146 2231 af·

719 2271 876 2351 ficimus
908 2275 1190 2354 considerantes
1219 2281 1470 2357 concordiam
1492 2283 1596 2357 inter
1614 2299 1740 2387 partes
1760 2279 1950 2385 predistas
1976 2275 2148 2354 sasiam‘

718 2411 759 2473 et
783 2396 959 2501 quietem
988 2415 1027 2477 et
1055 2398 1314 2478 commodum
1343 2399 1460 2508 ipsius
1489 2399 1757 2478 Univerfitatis
1778 2397 1962 2504 respicere
1981 2413 2021 2472 et
2040 2398 2145 2474 viam

717 2516 897 2625 dampnis
931 2536 971 2598 et
999 2521 1180 2628 periculis
1209 2522 1436 2629 precludere
1463 2549 1540 2629 que
1568 2548 1617 2600 ex
1646 2518 1871 2600 diffenfione
1891 2517 2146 2628 prescriptafi

720 2637 886 2720 durasset
916 2642 1156 2723 timebantur
1182 2644 1438 2725 verilimiliter
1465 2642 1678 2753 provenisse
1704 2643 1848 2722 distem
1868 2640 2031 2750 proinde
2050 2667 2148 2718 con-

722 2763 897 2842 cordiam
917 2763 966 2844 de
981 2764 1147 2845 licencia
1165 2767 1296 2845 nostra
1310 2766 1466 2876 speciali
1486 2765 1632 2846 fastam
1650 2767 1819 2846 corditer
1839 2782 2086 2872 acceptamus
2106 2780 2148 2843 et

722 2884 983 2990 approbamus
1015 2908 1056 2968 et
1080 2888 1203 2997 ipsam
1233 2915 1276 2967 ac
1301 2891 1437 2968 omnia
1454 2905 1494 2967 et
1514 2889 1662 2996 singula
1679 2906 1864 2968 contenta
1881 2889 1922 2967 in
1943 2887 2149 2966 indentura

722 3005 896 3112 predicta
921 3027 1112 3116 quatenus
1132 3010 1180 3088 ad
1200 3035 1269 3088 nos
1300 3011 1440 3088 attinet
1467 3035 1578 3087 mero
1597 3029 1711 3088 motu
1737 3029 1844 3088 etex
1865 3026 1969 3086 certa
1989 3007 2149 3085 scientia

581 3183 590 3204 .
671 3179 683 3204 .
721 3129 1000 3211 confirmamus
1111 3131 1181 3211 Ετ
1204 3131 1252 3212 ad
1272 3132 1462 3239 majorem
1481 3128 2081 3211 roborisfirmitatem·volumus
2104 3147 2147 3207 et

721 3254 972 3333 concedimus
1003 3283 1075 3364 pro
1106 3255 1219 3334 nobis
1251 3274 1291 3336 et
1320 3254 1530 3335 heredibus
1561 3253 1698 3333 nostris
1737 3253 1846 3360 quod
1884 3249 2147 3331 Cancellarius

723 3373 905 3482 Magistri
934 3396 974 3456 et
1002 3379 1172 3458 Scolares
1199 3378 1469 3458 Univerfitatis
1488 3377 1661 3485 predicte
1679 3376 1748 3482 qui
1769 3401 1874 3452 nunc
1892 3373 1980 3453 sunt
1997 3372 2057 3451 vel
2077 3375 2146 3479 qui

724 3517 840 3576 erunt
872 3526 945 3607 pro
972 3516 1149 3609 tempore
1179 3499 1349 3581 habeant
1374 3517 1532 3580 teneant
1557 3518 1596 3577 et
1616 3514 1843 3576 excerceant
1861 3499 1993 3573 omnia
2012 3511 2052 3572 et
2071 3495 2150 3572 fin-

722 3619 816 3726 gula
834 3640 1019 3702 contenta
1046 3625 1088 3702 in
1115 3626 1322 3704 indentura
1348 3623 1520 3732 predicta
1545 3618 1648 3700 infra
1666 3616 1894 3698 suburbium
1915 3634 1953 3695 et
1972 3613 2148 3695 hundre-

723 3742 819 3820 dum
848 3746 1020 3852 predid'ta
1032 3748 1147 3852 juxta
1165 3746 1336 3827 formam
1355 3763 1395 3826 et
1413 3742 1697 3824 conceffionem
1715 3737 1855 3849 prefati
1875 3735 2063 3817 Richardi
2080 3737 2147 3816 su-

721 3865 852 3972 perius
885 3887 1110 3950 annotatam
1139 3870 1260 3949 libere
1287 3867 1448 3977 pacifice
1476 3886 1516 3947 et
1537 3867 1670 3973 quiete
1689 3890 1733 3943 ac
1753 3863 2046 3970 imperpetuum
2065 3860 2146 3938 stne

721 3987 1010 4094 inquietacione
1053 3990 1172 4072 nostri
1208 4013 1248 4072 et
1291 3992 1482 4071 heredum
1517 3987 1738 4067 nostrorum
1776 3983 1841 4063 seu
1880 3983 2150 4062 ministrorum

725 4111 946 4191 nostrorum
972 4140 1315 4223 quorumcumque
1345 4141 1424 4193 non
1454 4111 1630 4191 obstante
1659 4107 1766 4217 quod
1794 4107 1901 4185 idem
1929 4103 2150 4184 Richardus

722 4230 874 4310 dictum
904 4232 1155 4317 hundredum
1183 4239 1231 4316 ad
1264 4239 1372 4344 quod
1402 4237 1533 4343 aliqua
1552 4233 1634 4312 ”fic
1662 4258 1732 4341 per
1759 4229 1887 4338 ipsum
1906 4225 2154 4306 Richardum

722 4352 895 4433 concessa
923 4360 1209 4465 protenduntur
1235 4377 1460 4467 competere
1489 4359 1537 4435 de
1565 4356 1678 4434 nobis
1708 4374 1839 4433 tenere
1867 4351 2057 4457 incapite
2085 4349 2151 4427 di-

724 4474 902 4556 noscatur
930 4479 1090 4584 Juribus
1119 4482 1203 4561 aliis
1232 4482 1361 4561 eidem
1391 4477 1593 4559 Richardo
1615 4494 1655 4556 et
1673 4474 1882 4555 heredibus
1902 4471 1976 4550 suis
1996 4471 2154 4550 racione

724 4593 921 4681 hundredi
949 4603 1115 4711 predicti
1162 4605 1479 4712 competentibus
1525 4601 1569 4679 in
1615 4598 1800 4679 omnibus
1847 4595 1999 4702 semper
2040 4593 2154 4674 salvis

1090 4840 1345 4903 VARIAE
1385 4835 1777 4902 LECTIONES.

762 4993 818 5056 ‘ut
829 4999 1015 5077 premittitur.
1038 4999 1081 5062 H.
1097 4999 1149 5062 sol.
1165 5001 1216 5060 so.
1234 4999 1299 5060 162.
1476 5004 1490 5036 ¹
1508 4997 1575 5075 deest
1601 4994 1650 5055 fic.
1671 4992 1713 5055 H.
1731 4989 1786 5054 sol.
1799 4991 1852 5050 80.
2100 5068 2153 5150 Iu
