5118 6544
1150 575 1676 670 CARTA.

704 747 941 852 quillitatem
959 742 1130 849 ejusdem
1146 745 1276 821 debite
1291 742 1524 847 castigentur
1538 767 1580 818 ac
1597 742 1770 820 volentes
1786 745 2018 828 Cancellarii
2037 750 2138 831 diste

706 869 976 947 Univerlitatis
993 896 1062 974 pro
1079 885 1253 974 tempore
1271 867 1467 941 existentis
1480 864 1720 941 securitatiin
1730 869 1918 972 premillis
1932 875 2135 978 providere

704 994 901 1068 Volumus
923 1011 960 1067 et
981 991 1233 1066 concedimus
1255 1016 1324 1094 pro
1339 989 1450 1063 nobis
1473 1004 1510 1062 et
1531 983 1738 1063 heredibus
1759 991 1894 1068 nostris
1912 1013 2076 1098 qantum
2092 1002 2133 1075 in

706 1116 817 1192 nobis
837 1114 890 1190 est
908 1113 1012 1219 quod
1030 1113 1260 1189 Cancellarii
1275 1111 1446 1214 ejusdem
1463 1110 1733 1187 Universrtatis
1751 1115 1817 1218 qui
1839 1113 2024 1193 hactenus
2044 1119 2134 1196 sue-

708 1253 797 1315 runt
819 1237 878 1314 vel
900 1264 947 1312 ex
970 1264 1074 1312 ntnrc
1096 1253 1209 1311 erunt
1237 1251 1302 1309 aut
1335 1259 1470 1308 corum
1492 1233 1751 1311 Comnrilsarii
1774 1236 1833 1312 vel
1856 1239 1938 1314 loca
1960 1258 2134 1318 tenentes

707 1360 903 1436 occasione
928 1360 1363 1464 imprilonamentorum
1414 1354 1629 1432 Scolarium
1652 1356 1752 1433 dicte
1778 1360 2046 1438 Univerlitatis
2072 1363 2135 1440 seu

708 1483 871 1558 aliorum
900 1509 965 1586 per
996 1481 1094 1587 ipsos
1128 1478 1391 1555 Cancellarios
1420 1505 1489 1582 pro
1510 1479 1802 1556 conservacione
1824 1484 1928 1587 paris
1952 1483 2076 1561 nostre
2097 1505 2136 1561 et

710 1607 841 1708 quiete
868 1604 1135 1679 Univerlitatis
1166 1602 1337 1708 predicte
1358 1627 1400 1676 ac
1423 1602 1633 1704 punicione
1655 1629 1697 1678 ae
1724 1602 1980 1709 castigacione
2010 1607 2136 1683 male-

709 1729 902 1802 sustorum
917 1725 1139 1828 hujulinodi
1158 1725 1306 1799 ibidem
1322 1721 1506 1798 hastenus
1524 1724 1862 1830 imprisonatorum
1886 1728 1946 1802 sen
1969 1756 2136 1808 exnunc

709 1848 1092 1955 imprisonandorum
1125 1846 1282 1923 illorum
1306 1847 1488 1922 videlicet
1510 1849 1577 1951 qui
1600 1849 1639 1923 in
1662 1848 1796 1924 eadem
1818 1850 2073 1928 Universrtate
2094 1853 2136 1927 in

711 1972 802 2048 villa
834 1989 872 2046 et
903 1971 1094 2048 suburbiis
1117 1969 1299 2074 predisiis
1322 1969 1539 2044 Scolaribus
1560 1968 1780 2047 seu-eorum
1801 1970 2052 2050 servientibus
2076 1974 2138 2051 seu

712 2094 795 2170 aliis
831 2095 877 2170 de
903 2092 1176 2197 jurisdiccione
1209 2091 1476 2167 Univerlitatis
1506 2094 1678 2197 predisle
1699 2094 1969 2198 delinquentes
1990 2097 2140 2172 inventi

711 2216 775 2292 seu
809 2217 855 2291 de
886 2214 1085 2292 maleficiis
1112 2214 1261 2291 ibidem
1284 2215 1512 2319 perpetratis
1535 2219 1686 2292 notorie
1707 2216 1868 2322 suspesti
1889 2219 1949 2294 vel
1971 2220 2139 2295 convisli

711 2338 858 2416 suerint
891 2366 959 2445 per
988 2337 1118 2414 brevia
1144 2336 1268 2412 nostra
1288 2337 1347 2411 vel
1370 2334 1560 2412 heredum
1583 2339 1801 2414 nostrorum
1817 2340 1865 2414 de
1888 2339 2080 2415 audiendo
2097 2358 2136 2416 et

712 2462 959 2538 terminando
981 2460 1040 2536 vel
1063 2461 1109 2536 de
1129 2458 1222 2535 salso
1243 2457 1588 2564 imprisonamento
1610 2461 1671 2535 seu
1692 2460 1829 2564 quovis
1851 2460 1926 2536 alio
1947 2460 2075 2537 colore
2097 2462 2138 2537 in

713 2585 829 2662 curiis
863 2583 998 2661 nostris
1032 2582 1091 2658 vel
1118 2580 1308 2659 heredum
1329 2581 1547 2658 nostrorum
1570 2583 1642 2660 five
1664 2583 1745 2659 aliis
1768 2601 1833 2659 aut
1855 2582 1947 2659 alibi
1968 2584 2138 2660 nullate-

716 2734 788 2782 nus
818 2707 1106 2784 occasronentur
1131 2706 1401 2812 inquietentur
1432 2704 1683 2781 molestentur
1714 2706 1755 2781 in
1787 2705 1919 2810 aliquo
1953 2705 2016 2783 seu
2050 2734 2140 2812 gra-

717 2847 856 2906 ventur
908 2831 1038 2933 Qare
1060 2829 1239 2905 volumus
1261 2845 1299 2903 et
1320 2826 1484 2904 firmiter
1498 2828 1736 2934 precipimus
1757 2855 1827 2933 pro
1844 2828 1955 2905 nobis
1971 2848 2010 2906 et
2027 2827 2141 2906 here-

717 2951 831 3028 dibus
860 2953 995 3030 nostris
1024 2952 1128 3056 quod
1163 2951 1328 3057 predicti
1359 2950 1625 3027 Cancellarius
1646 2969 1684 3027 et
1707 2950 1838 3055 Major
1857 2953 1925 3056 qui
1947 2977 2015 3058 pro
2037 2970 2141 3029 tem-

716 3101 810 3181 pore
830 3074 975 3152 suerint
996 3103 1131 3151 omnes
1154 3075 1349 3150 libertates
1372 3072 1560 3177 predidtas
1583 3093 1773 3176 quatenus
1794 3074 1929 3151 eedem
1948 3074 2143 3152 libertates

718 3196 817 3303 ipsos
852 3198 1097 3301 conjunelim
1137 3196 1196 3273 vel
1236 3195 1441 3301 seperatim
1475 3198 1712 3300 contingunt
1742 3197 2036 3303 imperpetuum
2071 3195 2142 3274 ha-

720 3319 837 3394 beant
866 3338 904 3395 et
934 3321 988 3394 eis
1018 3319 1211 3424 gaudeant
1237 3336 1275 3393 et
1297 3335 1457 3394 utantur
1477 3317 1618 3421 absque
1639 3317 1926 3423 impedimento
1947 3319 2064 3396 nostri
2084 3317 2143 3396 vel

720 3439 910 3517 heredum
933 3441 1149 3517 nostrorum
1184 3440 1493 3542 Justiciariorum
1514 3459 1579 3515 aut
1607 3439 1772 3516 aliorum
1801 3466 2145 3545 quorumcumque

720 3564 811 3641 Hiis
833 3562 992 3640 testibus
1015 3563 1297 3640 venerabilibus
1331 3564 1507 3670 patribus
1540 3562 1720 3665 Johanne
1752 3563 1933 3639 Cantuar’
1970 3561 2142 3638 Archie-

721 3687 879 3792 piscopo
901 3687 1023 3762 tocius
1061 3686 1207 3792 Anglie
1235 3685 1406 3761 Prirnate
1428 3685 1671 3762 Cancellario
1696 3684 1824 3760 nostro
1845 3685 2022 3762 Henrico
2044 3686 2145 3761 Lin-

720 3808 823 3885 coln’
858 3808 1051 3914 Episcopo
1100 3808 1357 3886 Thesaurario
1391 3807 1520 3884 nostro
1559 3807 1812 3887 RDunolm'
1835 3808 2028 3914 Episcopo
2075 3809 2147 3910 Jo-

722 3929 850 4006 hanne
883 3933 1043 4008 Comite
1080 3932 1254 4008 Cornub'
1289 3930 1407 4008 fratre
1443 3930 1572 4007 nostro
1611 3929 1800 4008 cariffirno
1838 3930 2060 4008 Willielmo
2100 3931 2147 4006 de

722 4054 866 4130 Monte
888 4078 1002 4132 acuto
1024 4056 1200 4131 Roberto
1220 4055 1267 4130 de
1284 4051 1426 4130 Ufford
1448 4053 1662 4132 Senescallo
1683 4051 1848 4159 hospicii
1869 4054 1986 4130 nostri
2006 4072 2044 4131 et
2065 4053 2149 4130 aliis

724 4176 816 4253 Dat'
851 4204 919 4284 per
940 4205 1101 4255 manum
1124 4178 1290 4254 nostram
1311 4179 1414 4284 apud
1436 4174 1641 4252 Waltham
1663 4176 1897 4254 duodecimo
1922 4177 1985 4253 die
2001 4176 2149 4284 Aprilis

547 4305 583 4406 ᾗ.
606 4328 665 4402 ²4·
724 4302 843 4377 Anno
866 4302 974 4406 regni
996 4300 1112 4377 nostri
1129 4299 1283 4376 decimo
1396 4302 1677 4377 lusruxrruus
1698 4299 1822 4376 eciam
1838 4300 2034 4406 quandam
2054 4325 2150 4376 con-

503 4412 584 4471 Edit.
599 4413 637 4470 11.
724 4421 991 4500 firmacionern
1025 4449 1144 4527 quarn
1173 4423 1356 4500 dominus
1387 4421 1603 4498 Edwardus
1643 4422 1840 4528 quondam
1879 4423 1967 4498 Rex
2006 4421 2150 4526 Anglie

723 4547 837 4624 Pater
873 4545 995 4622 noster
1034 4545 1127 4621 fecit
1159 4547 1341 4652 predistis
1382 4544 1625 4622 Cancellario
1664 4562 1703 4620 et
1743 4543 1991 4622 Universrtati
2041 4543 2152 4649 super

724 4666 954 4772 quibusdam
977 4667 1291 4745 ordinacionibus
1312 4669 1414 4746 inter
1434 4668 1588 4746 eosdem
1610 4667 1898 4744 Cancellarium
1918 4684 1956 4742 et
1981 4665 2152 4744 Seolares

726 4791 828 4866 dicte
860 4789 1129 4866 Universrtatis
1159 4818 1207 4866 ex
1236 4818 1313 4867 una
1344 4810 1451 4897 parte
1481 4809 1519 4867 et
1549 4788 1761 4896 Burgenses
1795 4790 1966 4894 ejusdem
1994 4789 2085 4866 ville
2106 4815 2154 4866 ex

725 4913 842 4990 altera
858 4910 967 4989 fastis
988 4915 1027 4990 in
1048 4909 1121 4988 hee
1138 4913 1253 4990 verba
1367 4914 1639 4991 Enwnnnus
1655 4913 1732 4989 Dei
1752 4913 1879 5020 gracia
1901 4913 1988 4990 Rex
2009 4911 2154 5018 Anglie

727 5038 924 5115 Dominus
967 5034 1160 5116 Hibernie
1196 5053 1235 5115 et
1261 5037 1356 5115 Dux
1396 5037 1610 5142 Aquitanie
1645 5036 1831 5114 omnibus
1861 5035 1908 5113 ad
1939 5060 2035 5142 quos
2065 5061 2155 5139 pre·

2035 5170 2156 5234 lentes
