5118 6544
859 564 1481 660 manamaur.
1725 661 1727 666 ,
1968 576 2032 698 ⁶9

462 739 595 848 aliquo
627 741 693 824 seu
720 760 901 852 gravetur
926 747 968 825 in
993 743 1174 826 futurum
1193 745 1413 826 dummodo
1431 743 1597 855 prediffl
1619 745 1886 830 Canceliarius

464 862 759 945 Commiffarius
789 865 916 973 ejusve
942 867 1152 977 deputatus
1172 867 1222 947 src
1242 868 1382 974 injuste
1402 867 1589 948 facientes
1609 868 1683 948 srnt
1701 870 1826 977 parati
1847 886 1886 949 et

462 983 688 1066 obedientes
706 985 809 1068 insra
822 997 834 1029 ¹
846 991 1093 1098 procinctum
1111 991 1214 1070 diue
1233 990 1504 1070 Univerfitatis
1526 989 1681 1096 judicio
1700 1017 1886 1100 procura·

460 1097 596 1188 torum
612 1128 653 1190 et
674 1108 840 1190 aliomm
863 1112 1016 1217 judicio
1042 1113 1258 1192 secundum
1286 1112 1426 1192 statuta
1447 1113 1714 1192 ordinaciones
1731 1131 1771 1192 et
1790 1139 1887 1192 con·
2006 1193 2014 1208 ,

461 1227 682 1326 suetudines
712 1233 815 1312 diere
843 1235 1114 1314 Univerfitatis
1144 1234 1272 1314 nostre
1302 1235 1351 1314 ad
1380 1232 1457 1314 hoc
1484 1233 1798 1342 deputandorum
1824 1241 1890 1313 'et

459 1349 665 1434 sentenciis
685 1357 899 1436 eorundem
919 1356 1014 1436 stare
1032 1375 1073 1436 et
1091 1357 1250 1436 obedire
1269 1357 1324 1436 Et
1340 1357 1380 1434 in
1400 1383 1535 1436 omnes
1556 1374 1595 1435 et
1614 1357 1780 1466 fingulos
1794 1355 1888 1438 huic

460 1471 589 1554 nostre
607 1476 850 1560 ordinacioni
869 1480 1208 1560 contravenientes
1239 1477 1300 1557 vel
1326 1505 1408 1557 uon
1438 1496 1615 1586 parentes
1639 1481 1821 1575 volumus
1847 1497 1887 1560 et

459 1620 531 1703 per
563 1597 756 1704 presentes
782 1603 1009 1682 ordinamus
1028 1602 1135 1710 quod
1161 1626 1297 1682 omnes
1328 1618 1368 1678 et
1398 1626 1534 1679 eorum
1554 1601 1721 1706 quilibet
1740 1628 1890 1708 penam

460 1715 602 1824 viginti
619 1719 809 1804 librarum
828 1725 877 1804 ad
897 1723 1010 1803 usum
1028 1725 1039 1764 ²
1057 1725 1104 1803 ad
1131 1750 1229 1832 opus
1248 1723 1352 1802 diste
1371 1722 1639 1803 Univerfitatis
1658 1721 1884 1802 sorissaftu-

459 1863 592 1919 rarum
609 1844 810 1923 incurrant
831 1864 871 1924 et
890 1846 1062 1925 incurrat
1080 1845 1161 1954 ipso
1181 1842 1285 1923 sasso
1305 1844 1452 1922 tociens
1478 1845 1664 1951 quociens
1681 1844 1882 1952 imperpe-

457 1974 576 2040 tuum
685 1964 755 2044 ΕΤ
780 1989 902 2066 Qun
921 1967 1011 2046 laici
1031 1967 1263 2076 plerumque
1282 1964 1377 2044 sicut
1399 1963 1608 2045 scolaribus
1623 1963 1728 2044 ficet
1747 1992 1883 2046 eorum
1937 1967 1973 2072 §.
1997 1963 2060 2048 28.

457 2079 710 2164 servientibus
729 2085 817 2168 sunt
841 2087 972 2169 infesti
990 2090 1079 2168 ideo
1098 2088 1322 2168 ordinamus
1336 2087 1609 2168 ‘concedimus
1626 2107 1666 2166 et
1680 2085 1753 2166 hac
1765 2096 1780 2128 ⁰
1792 2115 1883 2195 pre·

456 2199 557 2284 senti
578 2223 684 2286 carta
702 2207 830 2290 nostra
848 2210 1126 2292 confirmamus
1147 2209 1350 2319 pronubis
1372 2207 1580 2288 heredibus
1600 2228 1639 2287 et
1660 2209 1883 2290 successori·

458 2321 531 2404 bus
551 2327 689 2406 nostris
702 2332 887 2436 predictis
906 2333 1151 2412 Canceliario
1169 2350 1209 2410 et
1226 2329 1436 2410 scolaribus
1456 2348 1495 2409 et
1514 2330 1788 2412 successoribus
1807 2332 1883 2416 suis

454 2447 675 2553 quodcum
695 2449 855 2532 scolares
875 2453 979 2534 dicte
999 2453 1268 2534 Univerfitatis
1287 2479 1425 2532 eorum
1439 2452 1644 2532 servientes
1657 2470 1698 2532 et
1709 2453 1886 2533 Ministri

454 2592 610 2648 necnon
629 2570 703 2650 alie
721 2572 880 2679 persone
899 2599 1151 2682 quecumque
1169 2573 1412 2682 privilegiate
1427 2573 1476 2653 ad
1491 2574 1664 2681 aliquam
1679 2575 1881 2679 quintam·

455 2687 653 2771 decimam
668 2709 708 2772 et
726 2693 923 2776 decimam
942 2696 1017 2775 five
1035 2697 1082 2776 ad
1103 2697 1357 2776 medietatem
1372 2695 1665 2801 quintedecime
1676 2714 1716 2774 et
1730 2697 1890 2778 decime·

456 2808 571 2892 nobis
591 2809 801 2896 heredibus
821 2834 888 2897 aut
905 2817 1179 2898 successoribus
1208 2817 1344 2896 nostris
1375 2817 1633 2925 imposterum
1664 2818 1887 2898 solvendam

454 2931 507 3012 de
527 2933 640 3016 bonis
660 2935 699 3016 et
717 2939 868 3020 catallis
887 2958 955 3018 aut
974 2942 1084 3019 terris
1104 2957 1145 3017 et
1165 2940 1397 3017 tenementis
1418 2937 1493 3017 suis
1521 2939 1564 3016 in
1595 2938 1688 3016 villa
1710 2940 1885 3044 predicta

455 3070 500 3133 et
526 3053 717 3138 suburbiis
745 3059 919 3165 ejusdem
947 3059 1131 3140 assidendi
1159 3059 1306 3139 suerint
1335 3058 1397 3138 vel
1427 3060 1585 3140 taxandi
1616 3060 1880 3140 cancellarius

454 3173 533 3256 five
549 3177 841 3262 Commiffarius
859 3199 926 3262 aut
944 3184 1026 3289 ejus
1046 3182 1252 3291 deputatus
1271 3205 1343 3289 pro
1362 3200 1539 3291 tempore
1552 3182 1717 3263 existens
1731 3201 1769 3262 et
1783 3183 1881 3264 Ma·

448 3296 515 3403 jor
534 3298 636 3379 dicte
656 3300 747 3382 ville
767 3305 886 3384 Oxou
905 3326 973 3385 aut
1000 3307 1083 3412 ejus
1113 3306 1377 3412 vicemgerens
1404 3329 1477 3411 pro
1506 3321 1682 3413 tempore
1713 3304 1885 3384 existens·

452 3421 701 3528 conjunctim
719 3442 759 3506 et
777 3451 857 3506 non
876 3425 1029 3508 divifim
1048 3425 1217 3506 habeant
1235 3452 1279 3504 ac
1299 3426 1443 3506 virtute
1460 3427 1645 3535 presentis
1664 3426 1880 3508 concessio·

453 3542 516 3622 uis
534 3544 662 3624 nostre
680 3543 885 3628 habebunt
903 3550 1199 3660 imperpetuum
1221 3549 1494 3628 auctoritatem
1513 3568 1553 3628 et
1571 3549 1783 3657 plenariam
1801 3576 1877 3658 po·

445 3664 634 3748 ‚testatem
652 3669 897 3774 conjunstim
918 3691 962 3751 ut
981 3669 1175 3780 prefertur
1192 3686 1233 3749 et
1252 3696 1333 3749 non
1354 3669 1507 3750 divifim
1526 3669 1709 3750 assidendi
1729 3689 1769 3750 et
1788 3689 1876 3750 tax-

453 3787 547 3866 andi
577 3815 875 3897 quamcumque
894 3789 1120 3900 parochiam
1140 3792 1182 3872 iu
1201 3790 1292 3870 villa
1309 3793 1482 3898 predicta
1501 3809 1542 3874 et
1560 3792 1753 3872 suburbiis
1773 3793 1880 3899 ejus-

450 3906 544 3990 dem
565 3911 681 4016 juxta
699 3928 738 3992 et
757 3912 1252 4032 secundumquantitatem
1269 3914 1463 4022 integram
1482 3913 1585 3995 diere
1604 3915 1695 3996 ville
1714 3929 1754 3994 et
1781 3913 1880 3994 sub-1

450 4030 653 4114 urbiorum
686 4033 859 4142 ejusdem
888 4053 1061 4118 taxatam
1090 4037 1305 4118 limitatam
1335 4055 1375 4117 et
1408 4033 1576 4116 assessam
1606 4039 1648 4118 in
1676 4037 1883 4116 Scaccario

451 4151 581 4232 nostro
600 4155 648 4236 ad
667 4153 891 4264 hujusmodi
909 4157 1286 4267 quintamdecimam
1300 4177 1341 4237 et
1353 4159 1548 4239 decimam
1563 4159 1786 4239 solvendam
1802 4158 1875 4238 de·

452 4269 579 4356 ducis
598 4294 639 4358 et
657 4277 893 4362 deducendis
914 4279 1098 4363 omnibus
1118 4300 1158 4360 et
1176 4277 1333 4386 singulis
1353 4279 1655 4363 allocacionibus
1671 4297 1710 4360 et
1729 4281 1880 4361 soluci-

448 4396 593 4480 onibus
612 4427 690 4508 que
710 4401 805 4486 solvi
823 4422 863 4484 et
881 4403 1040 4486 allocari
1058 4403 1204 4486 debent
1222 4404 1265 4483 in
1285 4419 1394 4509 parte
1412 4403 1618 4484 solucionis
1638 4403 1699 4482 vel
1725 4402 1871 4481 alloca-

442 4517 575 4602 ciouis
593 4519 816 4632 hujusmodi
832 4527 1123 4636 quintedecime
1135 4547 1176 4608 et
1188 4524 1340 4608 decime
1356 4526 1512 4606 racione
1525 4526 1744 4632 aliquarum
1758 4549 1879 4602 com.-

811 4751 1063 4817 VARIA'E
1113 4749 1508 4816 LECTIONES.

491 4891 504 4924 ²
524 4889 715 4964 procindum.
748 4893 791 4953 H.
814 4891 868 4956 sol.
885 4895 953 4959 186.
1038 4883 1049 4906 ⁶
1235 4901 1245 4936 ²
1266 4911 1305 4954 et.
1326 4893 1366 4952 H
1383 4892 1434 4952 sol.
1453 4891 1520 4952 186.

490 4994 502 5025 ¹
520 4991 587 5067 sust
601 5003 641 5052 et.
660 4991 704 5052 H.
716 4991 769 5053 sol.
783 4993 859 5054 186..
1237 5003 1250 5034 ¹¹
1269 4995 1335 5072 lust
1347 4992 1482 5073 presenti.
1502 4991 1543 5055 H.
1558 4989 1695 5070 sosiae.

1625 5138 1877 5251 poficionum
2013 5199 2015 5204 .
