5118 6544
892 595 928 684 l.
1003 593 1127 684 ED
1164 591 1238 684 W.
1310 589 1390 684 IV.
1945 619 2003 712 13

426 783 497 869 pto
530 775 707 868 tempore
736 753 856 838 fuerit
886 753 1163 861 cognicionem
1193 753 1242 832 de
1272 750 1498 857 hujusmodi
1529 753 1739 834 excessibus
1770 761 1786 797 ⁰
1815 772 1856 835 et

427 883 579 989 injuriis
610 886 650 960 in
678 879 954 987 empcionibus
978 893 1019 954 et
1050 876 1347 956 vendicionibus
1378 876 1563 985 predistis
1598 876 1664 954 ubi
1693 879 1855 959 Scolaris

429 1007 484 1086 est
518 1031 593 1084 una
622 1030 709 1111 pars
736 1021 781 1082 ut
810 1002 1025 1112 predicitur
1053 997 1193 1078 habeat
1219 1018 1258 1078 et
1291 999 1563 1105 delinquentes
1595 1000 1637 1079 in
1656 997 1729 1078 hac
1748 1019 1858 1109 parte

428 1127 567 1234 punire
587 1125 738 1206 Psaciat
754 1143 871 1234 prout
887 1126 999 1202 decet
1110 1123 1238 1202 laem
1271 1149 1364 1202 cum
1385 1122 1597 1229 Burgenses
1628 1123 1731 1202 diste
1766 1124 1859 1202 ville
1901 1158 1934 1246 §⁶
1959 1173 2026 1232 22.

428 1249 549 1328 Oxon
577 1247 758 1328 homines
788 1273 937 1357 pannos
967 1244 1098 1324 laneos
1129 1264 1168 1322 et
1190 1245 1282 1323 telas
1303 1244 1422 1324 lineas
1452 1245 1603 1326 venales
1624 1245 1671 1324 ad
1692 1247 1855 1326 eandem
1872 1259 2047 1320 Novacon-

426 1371 577 1450 Villam
606 1387 804 1479 portantes
829 1373 952 1449 dictos
976 1394 1124 1476 pannos
1145 1386 1185 1445 et
1205 1369 1298 1446 telas
1319 1367 1444 1446 secare
1463 1385 1502 1444 et
1521 1394 1591 1476 per
1609 1385 1736 1476 partes
1757 1397 1853 1448 ven·
1867 1342 1953 1486 {ff
1964 1363 2022 1484 {ff

427 1495 516 1576 dere
537 1495 755 1574 Scolaribus
776 1514 815 1573 et
835 1494 920 1573 aliis
940 1518 1005 1569 eos
1027 1517 1156 1568 emere
1189 1491 1409 1569 volentibus
1444 1489 1514 1568 nifi
1534 1491 1688 1569 eosdem
1708 1519 1857 1599 pannos

427 1633 467 1696 et
494 1617 587 1696 telas
617 1619 789 1725 integros
820 1641 949 1696 emere
976 1614 1170 1692 voluerint
1189 1611 1376 1694 hastenus
1397 1640 1475 1692 non
1496 1613 1755 1721 permiserunt
1783 1641 1856 1696 nec

426 1737 555 1818 adhuc
584 1743 817 1846 permittant
844 1758 888 1817 ut
918 1738 1139 1844 accepimus
1170 1738 1308 1842 quovis
1339 1736 1459 1815 modo
1490 1738 1531 1814 in
1559 1735 1732 1843 ipsorum
1760 1737 1855 1817 Ma·

426 1861 636 1970 gistrorum
655 1882 695 1943 et
715 1863 930 1943 Scolarium
951 1879 990 1938 et
1016 1857 1299 1938 nonnullorum
1318 1859 1484 1937 aliorum
1503 1886 1617 1966 grave
1637 1861 1857 1966 dampnum

425 2001 465 2064 et
493 1985 688 2089 jacturam
718 2011 786 2092 per
812 1985 918 2092 quod
949 1982 1062 2060 nobis
1090 1981 1144 2058 est
1179 2008 1273 2059 cum
1302 1981 1489 2060 instancia
1507 1980 1769 2088 supplicatum
1805 2001 1850 2061 ut

426 2104 540 2212 super
569 2103 645 2184 hoc
665 2108 884 2186 remedium
912 2131 1154 2213 apponamus
1183 2103 1270 2182 Nos
1299 2105 1474 2182 nolentes
1506 2105 1596 2181 talia
1625 2132 1702 2210 que
1730 2105 1781 2182 fic
1809 2106 1853 2184 in

426 2228 644 2334 dampnum
679 2248 718 2308 et
751 2254 958 2337 gravamen
990 2228 1129 2334 populi
1159 2226 1278 2304 nostri
1309 2227 1522 2304 redundare
1543 2227 1753 2306 noscuntur
1772 2227 1852 2305 tol-

423 2348 543 2427 lerare
573 2350 794 2457 aliqualiter
820 2351 1032 2428 incorresta
1054 2349 1235 2426 volumus
1255 2366 1294 2427 et
1315 2348 1568 2426 concedimus
1588 2377 1659 2456 pro
1681 2351 1792 2428 nobis
1812 2369 1854 2428 et
1882 2387 1885 2392 ·

423 2469 632 2552 heredibus
666 2473 803 2552 nostris
831 2472 940 2579 quod
970 2498 1107 2551 omncs
1133 2453 1360 2576 hujusmodi
1384 2497 1532 2578 pannos
1552 2472 1683 2550 laneos
1702 2490 1740 2551 et
1760 2471 1853 2552 telas

422 2593 544 2674 lineas
575 2595 726 2674 venales
757 2597 805 2676 ad
835 2595 987 2673 Villam
1016 2595 1233 2702 predictam
1258 2595 1321 2672 seu
1352 2593 1533 2672 suburbia
1559 2594 1729 2698 ejusdem
1759 2623 1853 2701 por-

422 2733 547 2795 tantes
569 2719 629 2796 vel
648 2719 834 2799 ducentes
856 2718 1011 2796 eosdem
1030 2744 1178 2824 pannos
1199 2736 1238 2795 et
1259 2717 1353 2796 telas
1373 2717 1523 2796 ibidem
1552 2716 1676 2796 secare
1705 2735 1745 2798 et
1773 2715 1852 2796 hu-

413 2838 589 2944 jusmodi
607 2867 755 2948 pannos
776 2859 815 2920 ct
837 2840 929 2919 telas
953 2859 1035 2918 tam
1056 2867 1123 2946 per
1142 2859 1268 2946 partes
1290 2865 1411 2943 quam
1430 2840 1602 2944 integros
1623 2857 1705 2916 tam
1732 2839 1850 2918 cleri-

420 2962 477 3041 cis
507 2990 628 3067 quam
659 2964 742 3042 aliis
769 2963 936 3041 vendere
962 2960 1102 3065 pollint
1123 2981 1240 3064 prout
1260 2958 1521 3038 vandencium
1540 2960 1736 3037 voluntati
1766 2961 1851 3066 pla-

419 3083 546 3162 cuerit
575 3098 614 3156 et
642 3083 697 3158 eis
725 3081 850 3159 visum
881 3080 1000 3156 suerit
1027 3079 1209 3184 expedire
1238 3077 1315 3156 line
1345 3079 1541 3156 occafione
1566 3080 1853 3186 impedimento

421 3219 490 3281 aut
518 3201 816 3311 perturbacione
845 3200 1012 3305 Majoris
1032 3200 1272 3280 Ballivorum
1292 3220 1331 3279 et
1352 3200 1606 3307 Burgensrum
1626 3202 1729 3280 diste
1757 3203 1850 3282 ville

419 3331 494 3404 lac
528 3325 694 3404 aliorum
728 3348 1070 3430 quorumcumque
1181 3326 1383 3402 Iusunnn
1425 3351 1517 3400 cum
1557 3326 1844 3406 Cancellarium
1887 3351 2001 3456 §·23·

415 3446 686 3527 Univerfitatis
714 3445 887 3553 prediste
915 3471 985 3551 pro
1015 3445 1146 3550 quiete
1173 3445 1345 3551 ejusdem
1377 3445 1645 3524 Universrtatis
1674 3467 1713 3526 et
1745 3470 2010 3530 con-Attanova

1860 3553 2007 3610 Concelfio
2019 3575 2068 3632 per

417 3569 635 3648 servacione
673 3568 778 3676 pacis
817 3567 944 3646 nostre
982 3566 1132 3646 ibidem
1181 3593 1226 3646 ac
1262 3565 1530 3648 maleficorum
1578 3570 1744 3649 maliciis
1783 3600 1844 3650 re·
1861 3631 2013 3695 mmm·

417 3690 615 3770 frenandis
665 3691 826 3772 clericos
872 3690 914 3768 in
955 3691 1091 3769 eadem
1137 3691 1397 3769 Universrtate
1439 3691 1709 3800 delinquentes
1762 3713 1846 3774 tam

415 3840 487 3922 pro
519 3813 799 3922 suspicionibus
834 3829 873 3892 et
902 3810 987 3892 aliis
1019 3813 1137 3892 caufis
1172 3815 1326 3893 diverfis
1356 3841 1428 3921 pro
1458 3814 1670 3919 majoribus
1701 3817 1844 3926 damp-

416 3937 477 4014 nis
497 3955 537 4014 et
551 3938 733 4045 periculis
750 3935 939 4016 evitandis
961 3962 1081 4042 quam
1102 3964 1172 4045 pro
1187 3937 1338 4016 delistis
1357 3937 1432 4015 suis
1454 3937 1679 4045 investigare
1694 3958 1736 4024 et
1755 3943 1843 4049 capi

415 4056 542 4138 facere
564 4060 688 4166 sepius
716 4078 756 4138 et
773 4058 1028 4138 diversimode
1045 4077 1221 4167 oporteat
1240 4080 1279 4139 et
1298 4060 1548 4139 committere
1568 4061 1740 4140 custodie
1759 4091 1845 4142 car·

415 4181 532 4262 cerali
562 4199 601 4260 et
631 4182 738 4262 idem
769 4181 1033 4260 Cancellarius
1058 4201 1208 4262 metuat
1234 4183 1270 4261 se
1290 4183 1338 4261 ad
1357 4183 1673 4289 prosecucionem
1705 4183 1842 4292 hujus-

414 4305 525 4384 modi
551 4303 895 4412 imprisonatorum
919 4306 967 4384 de
993 4305 1347 4412 imprisonamentis
1366 4306 1443 4384 illis
1464 4305 1566 4413 polle
1582 4307 1842 4414 imposterum

414 4430 633 4536 pregravari
664 4447 703 4507 et
735 4428 848 4506 nobis
877 4428 924 4506 fit
955 4427 1217 4536 supplicatum
1249 4448 1292 4508 ut
1311 4430 1588 4536 indempnitati
1609 4431 1841 4509 Cancellarii

415 4550 518 4630 diste
551 4551 820 4631 Universrtatis
848 4552 1013 4630 velimus
1047 4552 1262 4659 prospicere
1291 4553 1333 4631 in
1365 4550 1438 4631 hac
1469 4571 1578 4660 parte
1606 4551 1693 4630 Nos
1713 4553 1838 4632 consr-

415 4672 590 4752 derantes
622 4676 729 4781 quod
760 4701 835 4782 pax
856 4673 982 4752 nostra
1003 4675 1149 4783 ubique
1170 4675 1449 4754 inviolabiliter
1468 4675 1690 4754 observetur
1710 4694 1749 4754 et
1766 4675 1837 4754 de-

414 4793 635 4902 linquentes
665 4799 707 4876 in
737 4797 874 4876 eadem
897 4797 1156 4877 Universrtate
1177 4799 1223 4876 ad
1244 4799 1432 4904 majorem
1454 4800 1629 4906 quietem
1658 4817 1697 4877 et
1731 4818 1846 4878 tran--

789 5021 1039 5084 VARIAE
1080 5020 1476 5083 LECTIONES.

452 5127 467 5155 ⁰
487 5131 548 5178 aut.
588 5119 629 5179 H.
644 5121 696 5181 fol.
711 5122 761 5182 62.
1182 5133 1196 5172 θ
1219 5137 1278 5182 aut.
1322 5125 1364 5184 H.
1381 5123 1433 5182 sol.
1451 5142 1459 5181 ι
1468 5141 1516 5204 53.
1532 5127 1587 5181 dac.

452 5211 595 5290 'puniri
626 5213 659 5273 H
684 5213 808 5274 solbza
1600 5203 1847 5314 qtllllllfltemt
