5118 6544
552 647 614 736 42
1163 611 1684 702 oAnTA.

719 792 823 896 wyk'
836 808 874 868 et
894 790 1083 868 carillimo
1104 791 1236 867 Fratre
1258 790 1385 867 nostro
1406 789 1585 892 Johanne
1606 791 1653 868 de
1675 788 1845 868 Holand'
1867 793 2145 901 Huntingdon'

718 914 940 992 Comitibus
972 913 1151 1015 Johanne
1182 915 1387 989 Devereux
1409 915 1621 991 Senescallo
1641 910 1805 1018 hospicii
1826 913 1943 992 nostri
1963 915 2145 1016 Johanne

718 1038 765 1114 de
790 1032 994 1112 Cobeham
1015 1033 1206 1140 Magistro
1227 1034 1441 1111 Edmundo
1461 1035 1508 1112 de
1529 1035 1706 1112 Stafford'
1727 1033 1896 1113 Custode
1916 1039 2057 1142 privati
2077 1040 2140 1116 Si-

719 1158 806 1264 gilli
846 1157 963 1234 nostri
1005 1175 1045 1234 et
1077 1157 1161 1232 aliis
1270 1157 1361 1233 Dat’
1391 1184 1459 1262 per
1481 1184 1642 1235 manum
1677 1158 1844 1233 nostram
1875 1159 1978 1264 apud
2007 1159 2141 1237 West·

718 1279 994 1357 monasterium
1016 1278 1312 1384 quintodecimo
1331 1277 1393 1354 die
1413 1279 1508 1380 Julii
1529 1307 1630 1357 anno
1647 1279 1775 1384 Regni
1795 1278 1912 1356 nostri
1931 1282 2140 1386 quartode-

551 1399 586 1496 β.
613 1393 678 1493 84.
720 1405 826 1479 cirno
943 1401 1037 1478 Nos
1077 1419 1209 1479 autem
1239 1391 1392 1478 icartas
1422 1403 1611 1505 predisias
1632 1401 1679 1477 de
1700 1398 1925 1505 hujusmodi
1945 1403 2138 1481 libertati·

482 1517 791 1602 VerbaEd·¹V·bus
812 1519 1032 1601 franchesris
1054 1523 1283 1627 quietanciis
1303 1523 1517 1628 privilegiis
1544 1543 1583 1600 et
1602 1523 1942 1629 jurisdiccionibus
1975 1551 2017 1601 ac
2047 1553 2137 1603 orn·

718 1649 781 1724 nia
812 1667 850 1723 et
878 1644 1025 1748 singula
1055 1645 1094 1719 in
1125 1644 1269 1720 eisdem
1302 1663 1485 1721 contenta
1512 1663 1592 1722 rata
1610 1643 1798 1723 habentes
1818 1663 1857 1722 et
1877 1664 1985 1750 grata
2003 1672 2047 1723 ea
2067 1674 2138 1754 pro

716 1767 829 1846 nobis
863 1784 901 1842 et
931 1765 1137 1843 heredibus
1159 1765 1293 1841 nostris
1314 1783 1507 1871 quantum
1536 1769 1577 1844 in
1598 1768 1710 1845 nobis
1729 1766 1783 1842 est
1802 1784 2047 1874 acceptamus
2069 1797 2138 1876 ap-

717 1890 926 1997 probamus
958 1905 996 1965 et
1030 1913 1074 1964 ea
1112 1886 1262 1964 dilectis
1301 1889 1412 1963 nobis
1442 1914 1547 1966 nunc
1583 1886 1826 1967 Cancellario
1864 1888 2062 1994 Magistris
2101 1908 2140 1967 et

716 2009 933 2089 Scolaribus
960 2009 1226 2087 Univerfitatis
1247 2007 1417 2115 predide
1446 2027 1485 2086 et
1514 2037 1650 2090 eorum
1679 2009 1948 2088 successoribus
1967 2003 2140 2089 kconce-

716 2133 844 2210 dimus
863 2150 901 2206 et
921 2130 1197 2208 confirmamus
1218 2149 1335 2236 prout
1354 2151 1458 2210 carte
1477 2124 1670 2240 ¹predisle
1692 2132 1976 2212 racionabiliter
1996 2133 2138 2212 testan-

716 2272 780 2332 tur
841 2253 1017 2329 Preterea
1049 2252 1220 2326 volentes
1245 2251 1404 2356 prefatis
1425 2255 1667 2332 Cancellario
1688 2254 1887 2360 Magistris
1908 2273 1947 2332 et
1973 2255 2139 2334 Scolari-
2178 2299 2183 2312 ,

715 2375 788 2454 bus
808 2375 977 2478 graciam
999 2373 1038 2448 in
1059 2370 1131 2447 hac
1151 2388 1257 2475 parte
1277 2371 1401 2448 lacere
1424 2374 1643 2451 uberiorem
1663 2375 1916 2451 conceffimus
1937 2403 2006 2480 pro
2027 2377 2140 2454 nobis

714 2516 753 2575 et
785 2494 992 2573 heredibus
1022 2492 1157 2569 nostris
1185 2511 1223 2569 et
1251 2490 1324 2570 hac
1358 2513 1462 2572 carta
1492 2495 1619 2574 nostra
1647 2493 1963 2573 confirmavimus
1993 2496 2138 2576 eisdem

714 2617 955 2697 Cancellario
985 2614 1182 2720 Magistris
1215 2632 1253 2691 et
1285 2615 1501 2694 Scolaribus
1522 2635 1717 2696 eteorum
1740 2615 2012 2696 successoribus
2032 2618 2138 2725 quod

711 2741 806 2819 licet
836 2739 906 2845 ips1
926 2737 985 2815 vel
1007 2764 1142 2815 eorum
1163 2736 1439 2843 predecessores
1459 2739 1591 2844 aliquo
1611 2739 1671 2817 vel
1691 2739 1884 2846 aliquibus
1911 2738 2139 2819 libertatum

712 2859 1044 2939 mfranchesrarum
1061 2860 1369 2962 quietanciarurn
1386 2861 1678 2966 privilegiorum
1699 2880 1737 2939 et
1750 2861 2074 2966 jurisdiccionum
2094 2867 2135 2942 in

714 2983 828 3063 cartis
857 2979 1075 3088 ”predictis
1114 2996 1389 3056 contentorum
1418 2980 1550 3084 aliquo
1579 2982 1666 3058 casu
1697 3001 1918 3088 emergente
1952 2984 2137 3062 haetenus

713 3108 827 3216 plene
848 3105 902 3182 ufi
923 3131 1001 3180 non
1022 3100 1168 3179 fuerint
1188 3099 1309 3178 iidem
1339 3118 1469 3178 tamen
1499 3102 1761 3181 Cancellarius
1783 3103 1963 3210 Magistri
1983 3123 2021 3183 et
2043 3108 2137 3184 Sco-

716 3230 814 3308 lares
847 3247 1048 3304 eteorum
1080 3222 1302 3300 successores
1331 3222 1575 3302 libertatibus
1607 3227 1836 3330 quietanciis
1857 3227 2067 3334 privilegiis
2098 3250 2137 3309 et

710 3347 1048 3456 jurisdiccionibus
1079 3345 1155 3424 illis
1182 3364 1221 3423 et
1250 3373 1386 3424 eorum
1415 3345 1592 3452 quolibet
1620 3373 1775 3424 exnunc
1800 3346 1916 3452 plene
1944 3351 2138 3454 gaudeant

716 3493 756 3551 et
787 3489 944 3550 utantur
974 3470 1265 3575 imperpetuum
1295 3467 1374 3545 fine
1404 3469 1600 3547 occasione
1628 3469 1689 3546 vel
1717 3469 2000 3574 impedimento
2021 3474 2138 3553 nostri

714 3595 777 3672 vel
798 3595 986 3672 heredum
1003 3592 1221 3669 nostrorum
1242 3590 1551 3694 Justiciariorum
1572 3591 1824 3669 Escaetorum
1843 3589 2136 3672 Vicecomitum

715 3737 781 3795 aut
802 3717 965 3793 aliorum
983 3715 1221 3791 Ballivorum
1241 3713 1304 3790 seu
1325 3711 1595 3791 Ministrorum
1618 3709 1836 3788 nostrorum
1857 3714 1917 3789 vel
1947 3711 2135 3793 heredum

550 3850 672 3956 ΜΞ,
716 3839 931 3916 nostrorum
972 3861 1313 3943 quorumcumque
1463 3835 1532 3912 ET
1577 3855 1775 3912 rusoPaR
1812 3860 1905 3911 curn
1940 3837 2135 3940 predictus

483 3962 933 4052 nepetinocar.Richardus
967 3986 1089 4064 nuper
1120 3960 1208 4035 Rex
1243 3957 1387 4062 Anglie
1417 3985 1486 4064 per
1513 3973 1657 4036 cartam
1685 3957 1793 4034 suam
1821 3956 2044 4035 'concesserit
2072 3959 2135 4037 di-

483 4059 701 4215 {ffilssssffiff
715 4084 823 4161 tetus
845 4083 913 4161 fibi
935 4083 973 4159 in
996 4080 1151 4159 Christo
1172 4080 1415 4157 Cancellario
1431 4099 1471 4158 et
1489 4078 1705 4157 Scolaribus
1728 4079 1994 4158 Universrtatis
2015 4079 2136 4159 Oxon

482 4221 677 4295 praecedentis
717 4208 821 4311 quod
851 4204 1081 4281 Cancellarii
1112 4203 1284 4307 ejusdem
1304 4202 1573 4284 Univerlitatis
1600 4223 1638 4280 et
1658 4199 1881 4280 successores
1914 4201 1971 4280 sui
1999 4219 2038 4280 et
2066 4229 2135 4281 eo-

483 4301 672 4376 peruuart,
716 4354 805 4404 rum
834 4324 1092 4403 Commissarii
1123 4345 1160 4401 et
1191 4326 1502 4402 locumtenentes
1533 4351 1665 4403 coram
1694 4324 1817 4432 seipsrs
1842 4325 2136 4431 imperpetuum

714 4448 934 4550 lhaberent
964 4448 1236 4554 cognitionem
1265 4448 1588 4525 omnimodorum
1623 4447 1858 4555 placitorum
1877 4447 2136 4553 personalium

1095 4602 1344 4662 VARIAE
1386 4601 1761 4661 LECTIONES.

755 4707 762 4744 ¹
784 4708 846 4766 Nos
878 4721 972 4764 autern
997 4705 1184 4762 concelliones
1210 4705 1404 4763 ordinationes
1485 4703 1550 4761 '‘de
1566 4705 1655 4778 gratia
1669 4706 1761 4762 nollra
1774 4703 1898 4780 speciali.
1924 4705 2119 4785 H.sol.165,

715 4801 860 4858 libertates
880 4797 1090 4875 jurisdislienes
1114 4795 1263 4872 privilegia
1285 4818 1404 4853 concor·
1492 4791 1499 4831 ¹
1516 4809 1544 4850 et
1559 4795 1651 4854 litere.
1666 4795 1705 4853 H.
1719 4795 1770 4852 sol.
1787 4795 1851 4872 165.

716 4893 776 4948 dias
801 4907 828 4947 et
848 4889 1080 4945 confirmationes
1106 4887 1232 4963 predisla
1256 4890 1408 4963 (quatenus
1489 4893 1509 4921 ¹¹¹
1529 4887 1593 4959 deest
1608 4885 1838 4943 franchefiarum.
1861 4884 2053 4963 H.fol.165.

714 4982 803 5038 distes
819 4980 1028 5037 Cancellarium
1045 4976 1192 5050 Magistros
1214 4974 1361 5031 Scholares
1376 4991 1404 5032 et
1485 4980 1499 5008 ¹¹
1520 4987 1547 5030 et
1561 4973 1662 5030 literis.
1684 4973 1726 5030 H.
1739 4974 1790 5031 sol.
1807 4973 1873 5051 165.

713 5072 934 5130 Universrtatcm
952 5068 1037 5122 Oxon
1059 5067 1197 5123 duntaxat
1211 5065 1402 5136 concernunt)
1485 5071 1498 5099 ⁰
1518 5062 1653 5121 habeant.
1673 5061 1862 5142 H.fol.165.

714 5176 773 5223 rata
787 5161 936 5222 habentes.
957 5155 998 5214 H.
1014 5154 1064 5215 sol.
1084 5153 1150 5233 πός.
2053 5167 2134 5232 tam
