5118 6544
1389 906 1442 984 V.

1212 1095 1623 1165 VENDITIO.

708 1202 802 1286 Qtod
818 1197 996 1287 privilegiati
1010 1202 1203 1286 quascunque
1218 1223 1264 1268 res
1286 1205 1406 1269 venales
1421 1204 1549 1268 vendere
1563 1205 1670 1287 pollint
1692 1203 1753 1270 &n
1776 1202 1851 1270 licut
1870 1203 2049 1292 Burgensen
2071 1206 2132 1272 sine

748 1289 982 1352 contributione.
1028 1286 1107 1349 Hm.
1124 1289 1154 1368 l·
1168 1307 1222 1367 24.

704 1369 757 1437 De
771 1374 929 1454 punitione
943 1393 1047 1435 eorum
1062 1372 1115 1455 qui
1129 1392 1233 1435 carnes
1250 1385 1280 1436 et
1294 1370 1386 1455 pisces
1401 1373 1533 1456 putridas
1548 1387 1579 1437 et
1593 1375 1833 1458 incompetentes
1848 1374 1995 1439 vendunt.
2039 1375 2132 1440 Edw.·

750 1467 778 1535 ς.
819 1479 846 1522 1.

703 1479 812 1621 Qtos
817 1539 945 1625 quilibet
959 1536 1117 1622 Burgensn
1132 1559 1186 1620 pro
1199 1538 1313 1602 familia
1329 1541 1379 1604 sua
1393 1555 1424 1606 et
1438 1542 1630 1607 servientibus
1644 1541 1702 1606 suis
1717 1543 1892 1626 respondeat
1912 1545 1944 1608 in
1966 1545 2131 1628 emptioni-

748 1625 804 1687 bus
823 1643 855 1688 et
876 1625 1113 1700 venditionibus,
1133 1625 1193 1689 &o
1236 1625 1325 1687 Edw.
1352 1631 1378 1700 i.
1393 1646 1446 1692 21.

704 1705 799 1790 Quod
813 1708 952 1773 homines
966 1729 1081 1789 pannos
1095 1707 1198 1771 laneos
1212 1723 1243 1772 et
1254 1707 1327 1773 telas
1343 1707 1436 1773 lineas
1451 1711 1487 1773 ad
1499 1703 1615 1774 Villam
1631 1709 1727 1776 Oxon
1783 1726 1894 1776 rtantes
1911 1712 1960 1778 seu
1982 1711 2130 1778 Suburbia

746 1794 823 1882 ejus,
843 1792 962 1858 eosdem
976 1813 1093 1875 pannos
1113 1791 1174 1857 dte.
1196 1793 1296 1857 secant
1310 1811 1341 1857 et
1354 1815 1407 1876 per
1423 1812 1522 1879 partes
1536 1796 1680 1863 vendant.
1754 1798 1814 1862 dw.
1840 1802 1866 1874 §-
1881 1818 1933 1864 22.

1193 1955 1635 2026 VICECOMES.

702 2061 797 2145 Quod
809 2062 990 2129 Vicecomes
1002 2060 1099 2127 Oxon
1114 2064 1146 2126 in
1161 2062 1333 2144 receptione
1347 2061 1572 2126 Commiffionis
1587 2063 1654 2127 suae
1664 2062 1879 2147 juramentum
1891 2065 2028 2148 praestet,
2047 2063 2130 2151 quod

745 2148 911 2234 Magistros
927 2148 1082 2212 Scholtres
1106 2147 1167 2211 dte.
1190 2162 1330 2232 proteget
1346 2164 1376 2210 et
1388 2148 1549 2222 desendet3
1572 2149 1654 2231 quod
1675 2149 1870 2214 Cancellario
1884 2154 1997 2232 semper
2022 2153 2057 2213 ad
2074 2172 2130 2245 pu·

744 2232 850 2297 niend.
872 2235 921 2298 &c
940 2255 1012 2296 curn
1025 2253 1101 2313 opus
1118 2233 1224 2308 fuerit,
1249 2231 1407 2314 praestabit
1430 2231 1634 2296 consiliumet
1667 2256 1794 2298 uvamen
1805 2259 1815 2310 ς
1838 2249 1869 2299 et
1883 2237 1965 2320 quod
1986 2235 2023 2297 ad
2039 2235 2131 2317 privt-

744 2316 825 2412 legia
839 2319 900 2384 ἃς.
922 2317 1131 2377 Universttatis
1146 2316 1334 2376 defendenda
1348 2338 1402 2395 pro
1414 2318 1525 2379 viribus
1539 2257 1662 2404 opeml)

747 2415 822 2461 nnte
834 2399 885 2460 suo
899 2396 1053 2460 consimile
1067 2397 1190 2476 recipiet
1201 2396 1425 2477 Jutamentum.
1470 2400 1558 2460 Edw.
1586 2409 1644 2478 §.4
1671 2443 1678 2460 .

703 2481 799 2567 Qtod
811 2480 993 2544 Vicecomes
1005 2478 1102 2543 Oxon
1117 2495 1148 2542 et
1161 2479 1256 2542 Berks
1271 2477 1307 2540 ad
1318 2477 1505 2561 Justiciariot
1519 2421 1728 2542 Univerlitatis
1743 2485 1833 2545 faciat
1844 2485 1996 2548 Retornas
2013 2487 2065 2570 (ad
2076 2488 2131 2552 Se-

1651 2334 1724 2383 eret.
1767 2318 1809 2384 Et
1823 2321 1904 2406 quod
1919 2320 2131 2385 aSubviceco-

746 2565 909 2630 nescallum
930 2567 983 2628 sub
997 2584 1094 2646 poena
1103 2563 1167 2644 4ol.
1212 2563 1301 2625 Edw.
1328 2567 1354 2637 ς.
1365 2562 1436 2646 90.)
1450 2577 1481 2626 et
1493 2577 1673 2646 exequatur,
1695 2579 1725 2628 et
1738 2566 1873 2630 attendat
1887 2589 1940 2650 pro
1952 2575 2130 2640 executione

746 2651 914 2733 Praecepti,
937 2648 1096 2712 Wtrranti
1122 2649 1182 2712 dte.
1204 2646 1256 2710 sub
1276 2645 1464 2710 sotissadtura
1480 2647 1565 2713 2001.
1609 2646 1690 2714 Hen.
1717 2653 1745 2724 l.
1757 2670 1791 2734 9.

1297 2794 1530 2881 v1'ct.

704 2919 799 3005 Quod
811 2917 1020 2983 Cancellarius
1034 2915 1207 3000 potestatem
1221 2916 1330 2982 habeat
1341 2916 1540 3000 compellendi
1553 2915 1721 3000 eosquibut
1730 2917 1881 2982 incumbit
1892 2919 1928 2982 ad
1943 2919 2026 2985 vicos
2037 2945 2131 2989 mun·

748 3004 864 3068 dandos
878 3019 908 3068 et
923 3002 959 3066 ad
975 3004 1145 3085 pavimenta
1159 3003 1334 3084 reparanda,
1356 3023 1421 3066 000
1442 3002 1579 3068 obstante
1600 3001 1805 3086 prohibitione
1826 3004 1921 3091 Regis
1931 3031 1943 3084 ς
1969 3022 1999 3071 et
2019 3010 2132 3092 quibu·

748 3089 858 3154 modis.
901 3087 991 3154 Edw.
1018 3097 1045 3168 ς.
1068 3108 1122 3173 45.
1147 3087 1201 3172 65.
1229 3107 1303 3173 103,
1330 3106 1402 3172 104.

1211 3253 1621 3321 UNIVERSITY.

704 3359 793 3426 That
804 3357 856 3422 the
866 3356 1095 3420 Umvtnsrrr
1110 3355 1148 3420 be
1162 3355 1353 3440 incorporate
1367 3356 1426 3420 and
1438 3358 1514 3421 have
1532 3377 1550 3418 a
1564 3351 1717 3440 perpetual
1732 3353 1892 3420 succeffion
1906 3356 1947 3442 by
1959 3356 2010 3421 the
2022 3356 2130 3424 Name

747 3441 786 3508 os
801 3445 854 3507 the
873 3441 1071 3519 Chancellor,
1101 3439 1232 3505 Maliert
1255 3442 1314 3504 and
1337 3440 1478 3504 Scholars
1497 3439 1535 3502 of
1552 3445 1604 3504 the
1624 3440 1796 3529 Univerlity
1819 3443 1856 3506 of
1878 3438 2012 3508 Oxford.
2055 3445 2129 3510 And

748 3530 817 3592 that
830 3528 902 3613 tlrey
912 3525 986 3590 shall
1006 3528 1081 3590 have
1095 3525 1281 3589 aCommon
1296 3525 1375 3603 Seal,
1393 3526 1454 3590 dte.
1498 3522 1581 3590 Eliz.
1605 3532 1633 3603 ς.
1650 3547 1677 3591 r.

705 3613 796 3676 That
817 3614 890 3696 they
907 3633 977 3696 may
996 3610 1127 3693 implead
1146 3611 1205 3673 and
1221 3611 1259 3674 be
1272 3610 1439 3693 impleaded
1458 3607 1518 3673 8ιο.
1561 3609 1641 3673 Eliz.
1664 3621 1692 3689 ς.
1705 3629 1738 3698 3.

706 3694 808 3762 That'
821 3697 892 3777 they
910 3716 980 3777 may
992 3695 1082 3769 have,
1102 3693 1174 3757 hold
1189 3693 1248 3758 and
1263 3697 1352 3782 enjoy
1366 3693 1406 3758 all
1420 3715 1548 3757 manner
1557 3694 1594 3756 os
1610 3693 1775 3772 Mannors,
1796 3691 1991 3780 Patsonages,
2012 3694 2128 3777 Laudi,

751 3777 995 3850 Hetedimmente
1008 3777 1070 3844 dte.
1084 3791 1119 3842 to
1129 3779 1213 3842 them
1224 3778 1283 3842 and
1293 3796 1326 3842 to
1339 3780 1418 3843 their
1428 3777 1596 3844 Successore
1610 3779 1657 3844 sor
1670 3799 1835 3846 evermore.
1880 3780 1965 3846 Elia.
1994 3787 2021 3859 ς.
2031 3802 2063 3868 ς.
