5118 6544
895 567 932 656 Ι.
1003 563 1127 656 ED
1163 560 1240 653 W.
1311 559 1395 652 IV.

435 731 668 810 Vicecomes
690 727 822 833 Major
841 725 1008 805 Ballivus
1029 724 1093 804 seu
1112 724 1209 803 alius
1228 723 1434 805 officiarius
1454 723 1515 804 vel
1536 725 1710 806 minister
1735 727 1861 811 noster

436 854 498 934 vel
517 851 707 933 heredum
726 850 945 929 nostrorum
961 847 1203 956 quicumque
1219 848 1267 926 de
1283 845 1506 953 hujusmodi
1522 848 1673 957 placitis
1695 852 1862 957 querelis

436 975 698 1056 contractibus
732 972 901 1052 articulis
932 970 1049 1050 caufis
1076 971 1246 1049 materiis
1274 971 1334 1047 vel
1354 969 1438 1048 aliis
1458 969 1572 1050 rebus
1592 972 1774 1078 predistis
1798 973 1863 1054 seu

436 1121 573 1176 eorum
593 1096 725 1203 aliquo
744 1096 916 1201 exceptis
935 1095 1177 1204 preexceptis
1196 1090 1299 1170 infra
1318 1093 1464 1170 dietam
1485 1093 1619 1172 villam
1646 1093 1764 1172 Oxun
1795 1114 1863 1174 aut

436 1217 619 1298 suburbia
645 1223 708 1296 seu
734 1219 982 1326 procinctum
1002 1215 1173 1321 ejusdem
1193 1213 1303 1292 fastis
1323 1216 1384 1292 vel
1402 1212 1590 1294 faciendis
1606 1216 1647 1296 in
1667 1216 1862 1324 presencia

438 1367 510 1419 nec
531 1338 708 1420 absencia
726 1339 845 1418 nostri
864 1339 925 1419 vel
944 1336 1132 1417 heredum
1155 1337 1370 1416 nostrorum
1391 1336 1427 1415 se
1447 1338 1489 1414 in
1508 1339 1641 1444 aliquo
1660 1340 1863 1418 intromit-

439 1479 525 1542 tant
637 1463 706 1542 ΕΤ
730 1461 758 1540 fi
782 1463 902 1540 iidem
923 1461 1134 1565 Justiciarii
1154 1478 1219 1537 aut
1239 1459 1304 1537 alii
1324 1459 1489 1538 ministri
1509 1461 1626 1539 nostri
1645 1460 1709 1540 seu
1728 1489 1863 1542 eorum
1922 1484 2049 1591 §465

439 1585 580 1692 aliquis
611 1585 653 1663 in
685 1584 880 1690 presencia
908 1585 969 1662 vel
999 1583 1174 1662 absencia
1203 1583 1327 1662 nostra
1356 1582 1416 1662 vel
1437 1579 1626 1663 heredum
1646 1584 1865 1666 nostrorum

436 1706 550 1815 super
579 1706 776 1814 aliquibus
805 1706 993 1815 premissis
1024 1707 1195 1813 exceptis
1225 1705 1465 1812 preexceptis
1494 1705 1689 1814 inquirere
1708 1706 1771 1786 seu
1791 1706 1866 1784 ali-

438 1829 606 1934 qualiter
645 1829 874 1934 cognoscere
912 1827 973 1906 vel
1011 1828 1271 1905 intromittere
1309 1825 1606 1934 presumpserint
1642 1825 1865 1908 infuturum

437 1949 559 2028 iidem
578 1948 787 2051 Justiciarii
805 1977 849 2028 ac
868 1948 933 2027 alii
953 1949 1119 2029 ministri
1138 1968 1176 2026 et
1194 1948 1370 2028 officiarii
1390 1949 1552 2056 predidli
1569 1949 1616 2027 ad
1633 1949 1863 2028 certificaci-

437 2097 557 2149 onem
578 2070 891 2152 notificacionem
910 2070 974 2149 seu
994 2071 1321 2179 fignificacionem
1338 2070 1572 2150 Cancellarii
1591 2072 1862 2152 Univerfitatis

437 2193 612 2301 predidte
633 2194 702 2300 qui
722 2221 792 2302 pro
813 2213 987 2301 tempore
1007 2192 1126 2272 fuerit
1146 2212 1212 2272 aut
1231 2195 1312 2298 ejus
1339 2187 1600 2272 Commissarii
1629 2192 1703 2276 five
1730 2193 1864 2276 locum

438 2317 606 2393 tenentis
638 2316 958 2419 inquificionibus
978 2335 1018 2392 et
1038 2315 1334 2422 cognicionibus
1354 2313 1579 2422 hujusmodi
1598 2335 1665 2396 aut
1682 2318 1864 2399 cuicum·

437 2463 515 2543 que
535 2433 723 2543 processui
742 2455 781 2516 et
801 2437 1029 2516 execucioni
1049 2438 1140 2516 inde
1160 2439 1496 2545 qualitercumque
1522 2435 1708 2516 faciendis
1729 2439 1862 2519 omni·

436 2583 489 2636 no
510 2557 778 2665 supersedeant
797 2576 837 2638 et
856 2559 892 2637 se
912 2559 1002 2637 inde
1022 2558 1183 2637 ulterius
1203 2560 1246 2636 in
1266 2559 1398 2666 aliquo
1418 2559 1640 2638 nullatenus
1661 2561 1863 2640 intromit-

438 2696 524 2758 tant
634 2679 703 2758 ET
739 2661 933 2760 1usu1²ua
972 2680 1020 2758 de
1047 2682 1216 2760 uberiori
1250 2683 1379 2787 gracia
1408 2681 1535 2760 nostra
1557 2708 1628 2788 pro
1648 2682 1785 2788 majori
1804 2683 1863 2762 se·
1920 2697 2040 2803 §97,

435 2801 601 2880 curitate
634 2817 674 2879 et
707 2804 841 2909 quiete
876 2803 1146 2881 Univerlitatis
1175 2803 1304 2882 nostre
1335 2804 1456 2884 Oxou
1486 2829 1531 2880 ac
1558 2803 1789 2884 Cancellarii
1826 2819 2015 2896 etDigreffio
2035 2827 2106 2899 (per-

436 2923 652 3004 Scolarium
674 2909 844 3027 ejusdem
866 2952 936 3029 pro
960 2943 1137 3028 tempore
1157 2923 1412 3001 existencium
1432 2923 1685 3004 conceffimus
1718 2925 1860 3009 eisdem
1872 2901 2077 3038 {³03}ssssin

437 3069 543 3122 nunc
563 3041 806 3120 Cancellario
817 3061 856 3120 et
872 3040 1119 3121 Scholaribus
1132 3061 1171 3121 et
1185 3069 1322 3122 eorum
1335 3041 1606 3124 successoribus
1617 3046 1861 3154 irnpertuum
1873 3079 1939 3116 nem
1953 3061 2068 3118 alterius

438 3164 543 3271 quod
563 3162 591 3240 fi
608 3163 872 3242 Cancellarius
889 3162 1183 3244 Commissarins
1202 3165 1471 3246 locumtenens
1490 3167 1677 3274 Magister
1699 3139 2076 3296 Scolaris{³5²J1}²‘4}}⁸{{⁸

435 3285 645 3365 officiarius
664 3285 722 3363 vel
747 3278 936 3365 minister¹
958 3287 1227 3367 Univerfitatis
1256 3289 1321 3366 seu
1340 3288 1415 3368 alia
1434 3289 1592 3396 persona
1611 3317 1860 3400 quecumque
1872 3298 2031 3359 senescallo
2051 3301 2098 3359 u.

437 3406 507 3486 sub
539 3407 600 3486 vel
630 3408 678 3484 de
696 3408 903 3516 priuilegio
922 3409 1093 3514 ejusdem
1119 3409 1388 3490 Univerfitatis
1407 3439 1478 3518 pro
1499 3430 1674 3520 tempore
1694 3414 1859 3494 existens
1872 3379 2095 3536 paievqrppptsdaf

433 3555 567 3608 eoram
586 3528 815 3631 justiciariis
835 3531 882 3609 ad
902 3531 1047 3638 placita
1070 3558 1202 3610 coram
1233 3531 1344 3611 nobis
1378 3534 1543 3613 tenenda
1568 3535 1796 3638 justiciariis
1813 3538 1858 3615 ad
1873 3539 1989 3633 wenm’
2005 3548 2035 3596 2·

434 3651 557 3730 affilas
576 3649 807 3753 Justiciariis
826 3652 874 3732 ad
894 3653 1023 3760 gaolas
1044 3653 1308 3734 deliberandas
1330 3655 1391 3732 vel
1410 3655 1637 3758 Justiciariis
1659 3658 1860 3766 adprodi·
1872 3619 2043 3776 ffisssssff

432 3777 565 3852 ciones
586 3770 747 3851 felonias
767 3790 808 3852 et
820 3775 894 3852 alia
914 3774 1119 3854 malefacta
1138 3776 1328 3857 audienda
1346 3795 1385 3854 et
1407 3779 1649 3858 terminanda
1668 3779 1859 3887 assignatis

435 3893 498 3974 vel
518 3893 746 4002 assignandis
766 3895 993 3998 Justiciariis
1012 3899 1118 4004 pacis
1135 3897 1199 3978 seu
1220 3898 1304 3978 aliis
1317 3899 1859 4002 JusticiariisCoronatoribus

435 4017 659 4097 'Senescallis
681 4035 719 4094 et
740 4017 979 4100 Marescallis
1009 4020 1175 4127 hospicii
1203 4021 1321 4100 nostri
1350 4041 1390 4100 et
1421 4019 1611 4104 heredum
1641 4023 1860 4106 nostrorum

435 4139 748 4219 vicecomitibus
767 4167 812 4220 ae
832 4142 915 4222 aliis
934 4141 1162 4246 Justiciariis
1186 4143 1261 4222 five
1281 4144 1561 4226 Commissariis
1588 4147 1648 4224 vel
1674 4147 1858 4227 ministris

433 4261 577 4340 nostris
598 4263 659 4340 vel
678 4260 867 4342 heredum
886 4265 1104 4344 nostrorum
1125 4263 1437 4373 quibuscumque
1457 4288 1523 4346 aut
1541 4295 1674 4350 coram
1704 4269 1859 4374 Majore

435 4381 500 4462 seu
530 4383 686 4462 Ballivis
716 4385 820 4464 dicte
846 4375 938 4468 vilse
956 4415 1024 4496 per
1042 4388 1158 4468 laicas
1178 4406 1312 4496 gentes
1332 4389 1434 4470 infra
1453 4391 1617 4470 eandem
1633 4391 1766 4470 villam
1795 4390 1857 4468 vel

435 4523 604 4610 quatuor
636 4504 840 4588 hundreda
868 4511 938 4591 viz
969 4513 1099 4591 eidem
1121 4511 1340 4617 adjacencia
1359 4511 1562 4592 refidentes
1582 4514 1642 4591 vel
1662 4511 1855 4620 poffessio·

435 4651 504 4706 nes
521 4625 622 4708 insra
639 4635 666 4739 'j
683 4631 821 4711 cadem
841 4635 974 4714 villam
998 4652 1037 4714 et
1054 4632 1258 4714 hundreda
1276 4630 1463 4714 habentes
1483 4635 1531 4716 de
1550 4634 1744 4741 aliquibus
1763 4659 1864 4740 pro·

812 4871 1063 4932 VARIAE
1104 4871 1504 4934 LECTIONES.

468 5017 482 5058 ¹
500 5018 586 5084 diue.
606 5022 649 5086 H.
663 5023 797 5103 fol..167.
968 5093 972 5103 ⁶
1188 5036 1208 5068 ¹
1229 5028 1359 5092 eandem.
1381 5028 1423 5092 H.
1439 5029 1492 5092 sol.
1507 5029 1574 5107 167,

1278 5125 1282 5135 “
1632 5127 1855 5212 dicionibus
