5118 6544
464 521 1787 762 MAGNACARTA

477 1053 1667 1258 '‘uu-runnsrrarr

527 1695 623 1785 AB
675 1691 1058 1788 HENRICO
1110 1693 1329 1786 REGE
1383 1692 1728 1786 OCTAVO

883 2167 1387 2258 CONCESSA,

425 2663 511 2743 AD
548 2657 966 2741 INSTANTIAM
1003 2659 1245 2743 DOMINI
1281 2657 1555 2739 THOMAE
1583 2655 1842 2738 WOLSEY

533 2892 1047 2974 EBORACENSIS
1104 2889 1715 2971 ARCHIEPISCOPI.

571 3451 858 3538 ENRICUS
887 3456 1044 3536 oslavus
1073 3454 1152 3534 Dei
1178 3458 1309 3566 gracia
1336 3457 1481 3566 Anglie
1504 3475 1544 3536 et
1563 3457 1596 3535 F
1598 3457 1726 3536 rancie
1746 3456 1836 3534 Rex
1906 3425 1941 3528 l·
1967 3448 2007 3502 ¹·¹

424 3453 566 3719 H
597 3573 689 3657 fidei
718 3577 894 3658 desensor
923 3595 962 3656 et
991 3577 1189 3658 Dominus
1219 3579 1414 3659 Hibernie
1443 3577 1643 3658 Omnibus
1664 3580 1712 3656 ad
1739 3603 1837 3685 quos

598 3698 791 3806 presentes
810 3701 940 3780 littere
956 3702 1205 3808 pervenerint
1223 3700 1386 3780 salutem
1499 3703 1534 3780 C
1540 3725 1609 3780 um
1641 3727 1721 3778 uno
1749 3723 1839 3778 om-

420 3825 534 3904 nium
553 3820 736 3901 consensu
756 3823 936 3901 naciones
957 3822 1130 3901 universe
1148 3841 1189 3901 et
1207 3850 1326 3932 regna
1345 3825 1472 3904 omnis
1485 3849 1643 3930 quoque
1658 3847 1716 3901 res
1735 3820 1839 3931 pub-

420 3947 496 4026 lica
518 3945 769 4052 maximeque
787 3942 994 4023 christiana
1016 3962 1104 4024 tum
1122 3945 1307 4053 precipue
1326 3945 1463 4024 florere
1481 3945 1750 4024 existimantur
1769 3971 1837 4024 ve-

422 4067 564 4148 rislime
586 4095 679 4146 cum
698 4069 740 4146 in
760 4064 825 4166 his,
843 4065 994 4146 alantur
1013 4085 1053 4145 et
1072 4068 1287 4146 educentur
1307 4095 1391 4146 non
1409 4068 1534 4174 magis
1554 4068 1624 4173 qui
1651 4065 1744 4144 soris
1764 4066 1837 4145 do·

419 4194 556 4298 mique
575 4189 867 4298 imperpetuum
880 4197 893 4227 ⁸
903 4205 1112 4297 protegant
1129 4187 1256 4268 hostes
1276 4189 1465 4298 repellant
1485 4215 1605 4296 quam
1625 4189 1695 4296 qui
1710 4189 1836 4268 confi·

417 4313 481 4394 liis
500 4311 634 4391 studiis
653 4311 826 4392 scienciis
844 4310 1034 4418 sapiencia
1048 4303 1062 4350 ⁵
1077 4329 1213 4418 regant
1232 4329 1272 4392 et
1289 4310 1509 4418 gubernent
1525 4337 1734 4420 corporum
1749 4311 1835 4390 ani·

420 4462 653 4542 marumque
680 4434 793 4512 saluti
811 4432 1012 4512 consulant
1041 4433 1273 4542 religionem
1299 4433 1573 4513 christianam‘
1589 4453 1770 4512 tueantur
1797 4449 1838 4509 et

419 4557 631 4638 sustentent
660 4556 810 4636 hereses
830 4573 870 4635 et
887 4581 1032 4636 errores
1051 4550 1265 4664 ‘'sagaciter
1283 4557 1514 4664 investigent
1534 4574 1573 4635 et
1590 4555 1835 4664 prosternant

749 4795 997 4856 VARIAE
1038 4795 1436 4858 LECTIONES.

458 4963 472 4993 ⁸
491 4955 626 5030 impetur.
660 4953 702 5013 H.
717 4955 767 5014 sol.
787 4974 852 5034 ¹79·

457 5055 472 5096 ὓ
492 5067 623 5130 regnaut.
656 5054 699 5116 H.
713 5055 764 5117 sol.
784 5073 849 5132 ¹79·
