5118 6544
826 599 959 696 XIV.
1030 600 1083 695 H
1118 600 1159 694 E
1193 597 1261 694 N.
1340 596 1471 692 VIII.
1961 607 2021 701 61

442 826 708 914 eumcumque
728 819 768 886 et
787 804 956 886 aliorum
974 803 1198 886 volatilium
1219 800 1451 883 vidualium
1469 797 1748 882 cuniculorum
1761 817 1801 880 et
1816 795 1878 880 se·

445 953 581 1008 rarum
600 926 686 1008 salis
699 925 893 1010 straminis
908 928 1112 1009 maeremii
1125 925 1230 1006 bosci
1247 923 1425 1005 subbosci
1436 922 1616 1004 carbonis
1632 923 1879 1030 aliorumque

445 1049 676 1130 utensilium
702 1050 862 1132 suorum
890 1075 1236 1160 quorumcumque
1346 1047 1417 1128 ΕΤ
1451 1071 1691 1128 uuvrmus
1711 1045 1759 1125 de
1778 1047 1879 1125 ube·
1941 1052 1978 1157 §.
1999 1073 2059 1154 ¹4·

445 1171 540 1252 riori
568 1173 698 1280 gracia
720 1175 845 1254 nostra
862 1175 1117 1254 concedimus
1137 1169 1322 1282 predictis
1343 1170 1588 1250 Cancellario
1606 1187 1647 1248 et
1667 1167 1878 1250 scolaribus

442 1293 547 1374 dicte
567 1296 837 1378 Unirersrtatis
858 1297 964 1405 quod
984 1293 1116 1377 nullus
1136 1311 1294 1403 emptor
1311 1292 1484 1403 provisor
1508 1291 1572 1372 seu
1591 1309 1729 1400 captor
1749 1293 1878 1373 visiu-

441 1413 565 1496 alium
594 1414 822 1530 hujusmodi
849 1445 923 1530 pro
950 1415 1128 1529 hospicio
1158 1415 1287 1496 nostro
1316 1414 1509 1496 heredum
1536 1432 1603 1494 aut
1622 1412 1879 1495 successorum

441 1537 664 1620 nostrorum
682 1559 750 1621 aut
768 1541 867 1623 alius
884 1540 1061 1622 minister
1080 1538 1209 1621 noster
1223 1536 1414 1618 heredum
1434 1538 1495 1618 vel
1515 1536 1771 1617 successorum
1787 1537 1878 1618 nos·

443 1675 595 1742 trorum
621 1680 688 1743 aut
715 1662 883 1746 aliorum
901 1688 1245 1774 quorumcumque
1264 1658 1368 1741 infra
1386 1663 1527 1768 viginti
1546 1659 1727 1739 milliaria
1747 1661 1878 1742 eidem

440 1785 679 1866 universitati
701 1786 821 1868 Oxon
842 1789 1022 1896 proxime
1042 1784 1264 1892 adjacencia
1283 1783 1444 1890 aliquod
1462 1783 1527 1861 seu
1553 1781 1684 1890 aliqua
1708 1782 1875 1891 premis·

439 1903 571 1985 sorum
589 1924 656 1986 aut
672 1907 839 1989 aliorum
857 1931 1202 2017 quorumcumque
1221 1931 1294 1985 nec
1312 1932 1385 2014 pro
1405 1905 1536 2013 aliqua
1554 1905 1629 1986 alia
1648 1903 1760 1983 causa
1772 1932 1872 2013 qua·

439 2052 614 2136 cumque
647 2056 720 2138 pro
737 2027 915 2141 hospicio
932 2030 1063 2111 nostro
1080 2027 1272 2108 heredum
1291 2045 1358 2107 aut
1376 2025 1633 2108 successorum
1653 2025 1873 2108 nostrorum

439 2150 722 2258 capiendorum
740 2153 981 2262 ingrediatur
1000 2150 1258 2261 quovismodo
1284 2149 1427 2257 absque
1457 2149 1623 2231 licencia
1647 2148 1803 2258 speciali
1831 2168 1873 2231 et

440 2271 641 2354 voluntate
659 2275 755 2356 dicti
776 2276 1009 2356 Cancellarii
1029 2292 1096 2353 aut
1115 2274 1197 2375 ejus
1224 2270 1487 2352 Commissarii
1515 2270 1577 2350 vel
1606 2271 1779 2378 ejusdem
1798 2280 1813 2314 ¹
1831 2289 1872 2356 et

436 2391 645 2474 scolarium
665 2398 768 2476 dicte
788 2395 1059 2478 Univerfitatis
1079 2411 1119 2476 et
1137 2393 1394 2475 successorum
1414 2393 1570 2475 suorum
1588 2394 1723 2504 petitis
1742 2411 1782 2474 et
1794 2396 1871 2476 ob-

437 2518 558 2598 tentis
577 2519 874 2626 imperpetuum
984 2520 1055 2597 Er
1083 2541 1320 2599 uouemus
1340 2516 1523 2598 volumus
1542 2532 1582 2594 et
1594 2543 1665 2624 per
1677 2515 1873 2624 presentes
1914 2521 1951 2627 §.
1976 2545 2038 2630 15.

439 2639 695 2720 concedimus
716 2639 861 2719 eisdem
881 2639 1126 2721 CancelIario
1145 2655 1185 2718 et
1202 2637 1413 2720 scolaribus
1431 2657 1472 2718 et
1490 2635 1765 2748 successoribus
1795 2640 1871 2721 suis

436 2760 544 2868 quod
571 2759 776 2868 quodlibet
807 2763 1136 2843 indicamentum
1158 2778 1320 2870 captum
1340 2760 1416 2841 five
1434 2761 1691 2871 imposterum
1707 2762 1869 2872 capien-

437 2882 535 2963 dum
556 2900 638 2963 tam
656 2883 704 2964 de
725 2885 887 2966 murdro
902 2903 942 2966 et
960 2883 1108 2964 felonia
1127 2881 1442 2990 quibuscumque
1457 2883 1638 2990 quamde
1651 2885 1761 2964 riotis
1773 2913 1868 2966 rou-

436 3006 490 3086 tis
509 3003 702 3086 affemblis
723 3005 1007 3086 conventiculis
1027 3023 1068 3084 et
1085 3003 1374 3085 retencionibus
1390 3004 1539 3084 illicitis
1550 3010 1779 3114 perpetratis
1792 3006 1871 3100 five

434 3124 692 3236 imposterum
723 3127 990 3237 perpetrandis
1021 3145 1060 3207 et
1085 3126 1161 3208 alia
1189 3124 1471 3208 indistamenta
1496 3145 1537 3207 et
1560 3125 1868 3238 presentacionee

433 3274 686 3358 quecumque
706 3249 755 3329 de
774 3249 1016 3330 omnimodis
1036 3246 1253 3330 malefactis
1272 3247 1376 3330 infra
1393 3247 1529 3332 villam
1549 3250 1671 3332 Oxon
1682 3250 1868 3334 suburbia

434 3367 640 3453 hundreda
673 3389 713 3452 et
744 3372 971 3453 Comitatus
998 3374 1193 3481 predictos
1218 3389 1356 3453 contra
1373 3372 1504 3482 Iegem
1523 3390 1625 3453 terre
1645 3375 1771 3456 nostre
1792 3375 1868 3458 sive

431 3493 669 3604 provisiones
687 3493 924 3578 statutorum
943 3496 1141 3576 editorum
1160 3493 1236 3574 five
1256 3493 1499 3576 edendorum
1510 3513 1624 3606 capta
1639 3499 1703 3577 seu
1717 3497 1865 3608 impos·

394 3723 397 3730 Ι
430 3631 561 3696 terum
580 3615 769 3726 capienda
785 3644 919 3698 coram
938 3617 1093 3724 Majore
1124 3635 1164 3698 et
1182 3615 1461 3699 Aldermannis
1490 3617 1555 3716 seu
1584 3618 1743 3714 Ballivis
1772 3620 1867 3701 ville

430 3738 606 3848 predicte
636 3737 699 3816 vel
731 3765 864 3818 coram
893 3765 1147 3847 quocumque
1170 3739 1247 3819 five
1267 3736 1582 3849 quibuscumque
1601 3741 1678 3822 alio
1697 3743 1759 3823 vel
1778 3743 1865 3825 aliis

430 3857 653 3964 Justiciario
671 3857 734 3939 vel
752 3859 983 3967 Justiciatiis
1003 3860 1141 3942 nostris
1169 3861 1246 3941 five
1276 3861 1625 3944 Commiffionariis
1654 3865 1792 3946 nostris
1820 3869 1864 3948 in

429 3980 743 4091 quibuscumque
774 3983 905 4063 Curiis
936 3983 1075 4064 nostris
1098 4001 1281 4093 pretextu
1299 4002 1382 4066 tam
1401 3985 1563 4093 alicujus
1582 3987 1864 4071 commissionis

431 4129 552 4212 quam
571 4105 801 4184 austoritate
818 4105 951 4213 aliqua
969 4105 1024 4187 eis
1043 4103 1146 4186 fasta
1165 4107 1241 4187 sive
1266 4105 1395 4186 fienda
1414 4134 1759 4218 quorumcumque
1774 4112 1862 4193 sco-

429 4223 575 4306 larium
605 4245 672 4308 aut
701 4224 939 4308 servientum
964 4227 1031 4308 seu
1048 4227 1319 4310 ministrorum
1339 4227 1496 4311 suorum
1515 4231 1590 4311 five
1608 4231 1772 4342 alicujus
1797 4235 1863 4316 seu

430 4347 653 4456 aliquorum
672 4350 889 4431 eorundem
908 4367 976 4432 aut
992 4350 1157 4432 aliarum
1176 4350 1427 4461 personarum
1445 4371 1513 4434 aut
1532 4353 1695 4461 alicujus
1714 4383 1861 4438 eorun-

428 4469 521 4551 dem
540 4499 619 4581 que
638 4471 773 4581 aliquo
791 4472 998 4584 priviIegio
1017 4474 1121 4555 diste
1139 4475 1413 4557 Univerlitatis
1432 4476 1601 4585 gaudere
1620 4475 1767 4558 debent
1795 4479 1862 4560 vel

427 4590 545 4674 debet
568 4612 635 4675 aut
654 4595 819 4678 aliarum
836 4597 1088 4708 personarum
1107 4614 1177 4679 aut
1194 4597 1357 4707 alicujus
1376 4597 1452 4679 five
1475 4598 1699 4708 aliquorum
1713 4627 1857 4682 eorun-

428 4712 522 4798 dem
548 4715 677 4802 versus
708 4717 864 4802 eosdem
891 4719 1053 4800 scolares
1074 4719 1280 4803 servientes
1299 4719 1498 4802 ministros
1515 4721 1602 4803 suos
1621 4737 1689 4802 aut
1708 4722 1861 4832 aliquas

796 4957 1051 5021 vnntnss
1091 4957 1483 5020 nncvtottns.

945 5117 962 5152 ⁸
981 5111 1122 5196 deputati.
1143 5111 1186 5176 H.
1201 5113 1254 5176 sol.
1272 5115 1340 5178 182.
