5118 6544
1171 605 1692 697 CARTA.

718 781 986 862 commissariis
1023 798 1063 860 et
1100 781 1461 860 locumtenentibus
1490 781 1538 858 de
1571 782 1811 862 omnimodis
1830 783 1984 890 placitis
2005 785 2136 895 supra-

720 906 833 982 dietis
850 913 864 957 l
881 904 1054 982 facerent
1087 903 1365 981 allocucionem
1401 905 1478 981 fine
1507 905 1735 983 difficultate
1763 905 1824 983 vel
1853 908 2138 1014 impedimento

560 1098 568 1115 ,
643 1100 652 1119 .
720 1053 972 1132 quocumque
1083 1027 1135 1102 Et
1156 1027 1261 1131 quod
1277 1026 1407 1104 nullus
1427 1025 1669 1129 Justiciarius
1685 1027 1902 1130 srveJudex
1921 1030 1962 1106 in
1982 1031 2139 1137 presen-

716 1149 777 1225 cia
798 1149 857 1225 vel
878 1149 1053 1226 absencia
1069 1147 1184 1252 ips1us
1206 1154 1219 1184 ²
1248 1174 1370 1254 nuper
1390 1150 1512 1255 Regis
1533 1148 1596 1226 seu
1616 1145 1806 1226 heredum
1835 1149 1994 1229 suorum
2015 1153 2136 1230 Vice-

716 1296 849 1347 comes
882 1270 1012 1374 Major
1043 1269 1214 1346 Ballivus
1246 1271 1309 1345 seu
1334 1270 1430 1346 alius
1461 1271 1634 1348 minister
1658 1273 1898 1376 quicumque
1918 1273 1966 1350 de
2001 1271 2137 1377 hujus-

715 1393 824 1468 modi
846 1392 999 1497 placitis
1029 1391 1092 1468 vel
1121 1390 1315 1496 aliquibus
1346 1392 1559 1470 eorundem
1580 1391 1615 1466 se
1635 1392 1872 1469 intromittat
1892 1421 1964 1471 nec
1984 1414 2137 1500 partem

715 1512 763 1588 ad
796 1515 1108 1620 respondendum
1147 1512 1239 1590 inde
1276 1540 1408 1590 coram
1446 1512 1534 1622 ips1s
1568 1520 1582 1549 ⁸
1614 1532 1776 1619 poneret
1814 1514 1868 1592 set
1904 1516 2009 1622 quod
2048 1544 2135 1623 pars

711 1634 780 1713 illa
814 1663 946 1712 coram
980 1637 1084 1712 disto
1115 1634 1361 1712 Cancellario
1389 1652 1428 1712 et
1456 1632 1729 1713 successoribus
1757 1637 1832 1712 suis
1853 1663 1988 1715 eorum
2010 1637 2136 1716 Com-

710 1755 887 1834 missariis
907 1757 982 1834 srve
1001 1756 1360 1834 locumtenentibus
1390 1756 1482 1833 inde
1509 1756 1756 1834 solummodo
1780 1751 1794 1795 b
1821 1758 2068 1866 castigaretur
2095 1778 2136 1839 et

635 1921 644 1944 ·
709 1881 914 1984 puniretur
944 1880 982 1959 in
1015 1877 1142 1956 forma
1162 1876 1336 1983 predicta
1446 1879 1517 1954 ET
1547 1876 1653 1982 quod
1679 1878 1784 1956 idem
1812 1880 2137 1960 Cancellariuset

707 1999 933 2078 successores
965 2001 1020 2077 sui
1052 2026 1189 2076 eorum
1220 1997 1482 2076 Commissarii
1502 1997 1576 2076 five
1597 1999 1907 2078 locumtenentes
1929 1999 2135 2106 supradissi

706 2122 1003 2227 imperpetuum
1023 2124 1304 2198 execucioncm
1320 2122 1368 2197 de
1390 2120 1571 2198 univerfis
1592 2121 1763 2228 personis
1783 2148 1916 2199 coram
1943 2121 2067 2227 seipsrs
2087 2122 2135 2199 de

624 2263 630 2274 ·
708 2238 933 2346 hujusmodi
960 2241 1315 2346 transgredionibus
1346 2260 1386 2318 et
1418 2241 1731 2346 mesprifionibus
1760 2244 1947 2321 convictis
1982 2263 2021 2322 et
2052 2243 2135 2322 aliis

708 2361 1054 2440 manutenentibus
1092 2360 1175 2438 fieri
1209 2379 1248 2438 et
1284 2360 1568 2465 transgressores
1606 2360 1708 2437 infra
1745 2362 1912 2438 caslrum
1961 2364 2136 2442 nostrum

709 2484 826 2561 Oxon
843 2501 882 2560 et
898 2483 991 2559 alibi
1011 2481 1162 2560 indissa
1174 2482 1266 2560 villa
1279 2500 1318 2559 et
1331 2481 1524 2559 suburbiis
1544 2481 1715 2584 ejusdem
1728 2482 1843 2586 juxta
1856 2482 2135 2562 discrecionem

640 2648 649 2669 ·
707 2602 1112 2709 suam⁶imprisonare
1133 2601 1305 2681 facerent
1417 2605 1488 2681 ET
1520 2603 1878 2708 quodVicecomes
1915 2605 2033 2683 Oxon
2068 2606 2134 2683 seu

709 2728 848 2807 Custos
868 2726 979 2805 castri
996 2725 1161 2832 predissi
1180 2744 1246 2803 aut
1265 2725 1397 2828 Major
1417 2741 1455 2801 et
1474 2724 1614 2802 Ballivi
1634 2725 1725 2802 ville
1745 2727 1916 2832 prodisse
1936 2754 2008 2832 pro
2029 2744 2133 2804 tem·

707 2877 800 2956 pore
843 2849 1045 2926 existentes
1094 2845 1318 2952 hujusmodi
1353 2845 1635 2950 transgressores
1675 2848 1722 2924 ad
1760 2848 2055 2925 ordinacionem
2093 2867 2133 2926 et

705 2973 935 3049 mandatum
970 2969 1134 3074 predissi
1168 2966 1402 3044 Cancellarii
1422 2985 1462 3042 et
1481 2966 1735 3042 successorum
1756 2969 1912 3046 suorum
1932 2997 1975 3046 ae
1996 2996 2134 3048 eorum

707 3089 1071 3171 Commissariorum
1110 3109 1149 3167 et
1180 3087 1542 3166 locumtenencium
1570 3088 1740 3192 recipere
1774 3088 1966 3166 custodire
1994 3108 2033 3166 et
2062 3091 2132 3168 de·

706 3207 1144 3294 liberaredtenerentur
1175 3228 1292 3318 prout
1321 3211 1361 3287 in
1395 3210 1508 3285 cartis
1543 3225 1583 3285 et
1615 3206 1917 3286 confirmacione
1947 3211 2128 3317 predistis

522 3335 638 3424 s91·
708 3338 860 3444 plenius
898 3337 1122 3413 continetur
1243 3333 1312 3409 Er
1353 3355 1473 3430 Qua
1509 3357 1557 3406 ex
1591 3328 1737 3407 humili
1770 3331 2033 3411 insrnuacione
2068 3336 2131 3412 di·

470 3435 896 3583 {gdgffdl‘lestorum
925 3457 1036 3534 nobis
1064 3455 1104 3534 in
1132 3452 1287 3531 Christo
1317 3478 1422 3530 nunc
1453 3450 1687 3530 Cancellarii
1717 3469 1756 3528 et
1778 3452 1995 3570 Scolarium
2024 3457 2131 3534 Uni·

471 3549 689 3664 adconfirm'atis
704 3583 887 3659 versrtatis
916 3578 1089 3685 predisle
1119 3575 1386 3654 intelleximus
1406 3575 1511 3682 quod
1533 3574 1599 3680 ipsr
1624 3601 1666 3652 ac
1684 3572 1961 3680 predecessores
1981 3573 2036 3652 sui
2057 3604 2129 3682 pro

468 3700 555 3740 ⁰¹¹⁶¹¹¹
571 3687 671 3745 eme
702 3731 748 3781 eo
778 3704 882 3809 quod
914 3701 1138 3808 procindsus
1169 3697 1258 3775 ville
1284 3696 1457 3803 predisle
1475 3722 1544 3803 per
1564 3713 1685 3772 certas
1705 3714 1828 3773 metas
1849 3713 1888 3772 et
1909 3696 2055 3774 bundas
2085 3700 2128 3776 in

467 3758 648 3920 dalsspisn'
661 3789 691 3844 4·
702 3825 854 3934 speciali
889 3825 930 3901 in
959 3823 1074 3901 cartis
1107 3840 1146 3899 et
1179 3816 1548 3898 confirmacionibus
1578 3816 1648 3895 fibi
1676 3816 1716 3893 in
1746 3843 1790 3893 ea
1819 3836 1926 3923 parte
1957 3817 2068 3897 fassis
2089 3838 2129 3899 et

467 3918 654 4060 ῧξξέᾞῃὲέ
703 3946 883 4026 concessis
912 3973 991 4023 non
1014 3943 1205 4021 limitatur
1225 3969 1268 4020 ac
1288 3969 1359 4048 pro
1380 3938 1548 4045 eoquod
1568 3938 1738 4046 quedam
1758 3938 1806 4016 de
1825 3937 2071 4018 libertatibus
2090 3959 2130 4021 et

467 4077 562 4153 Regni
576 4093 618 4151 20,
703 4070 912 4179 privilegiis
933 4069 1003 4145 fibi
1022 4064 1205 4143 concessis
1222 4062 1291 4141 sub
1308 4063 1433 4141 verbis
1448 4061 1693 4168 generalibus
1713 4061 1982 4139 conceduntur
2001 4062 2127 4169 sepius

465 4161 552 4314 {²1}ssss
564 4178 689 4302 ‘ffio
702 4191 860 4270 fuerunt
875 4207 914 4267 et
927 4190 1037 4266 sunt‘
1052 4187 1240 4295 impedite
1256 4213 1336 4292 quo
1356 4185 1486 4262 minus
1503 4182 1573 4290 ipsr
1592 4182 1836 4260 libertatibus
1856 4200 1895 4261 et
1915 4182 2128 4291 privilegiis

466 4319 663 4384 tramentione
703 4315 779 4393 illis
799 4315 913 4418 juxta
943 4311 1048 4417 piam
1077 4310 1344 4387 intencionem
1366 4306 1662 4412 progenitorum
1691 4305 1910 4384 nostrorum
1929 4306 2126 4412 predicto·

467 4398 548 4457 Μ’
702 4465 791 4515 rum
813 4435 869 4513 uti
885 4432 1025 4541 possint
1044 4449 1083 4507 et
1101 4430 1268 4538 gaudere
1297 4428 1385 4507 Nos
1403 4426 1705 4505 Universrtatem
1725 4428 1894 4508 nostram
1911 4429 2125 4534 predictam

1092 4666 1296 4725 VARIE
1338 4664 1736 4725 LECTIONES.

738 4807 752 4846 1
778 4797 894 4855 saciant.
916 4792 956 4850 H.
970 4791 1022 4850 sol.
1042 4788 1107 4848 166.
1471 4798 1481 4826 ‘
1504 4789 1686 4866 imprisonari
1702 4788 1818 4850 saciant.
1841 4788 1882 4846 H.
1899 4789 1950 4848 sol.
1967 4790 2035 4851 166.

735 4903 752 4933 ²
771 4894 920 4952 Richards.
944 4897 984 4951 ll.
998 4892 1049 4952 sol.
1065 4887 1152 4949 166.’
1471 4888 1484 4925 ⁴
1507 4904 1667 4948 teneantur.
1711 4888 1752 4946 H.
1768 4887 1820 4945 fol.
1838 4887 1905 4948 166.

736 5001 749 5032 ⁸
771 5007 868 5073 ponat.
892 4993 933 5050 H.
948 4993 1000 5053 sol.
1018 4991 1085 5049 166.
1471 4998 1483 5027 ⁸
1504 4990 1647 5068 impediti.
1670 4989 1712 5048 H.
1725 4988 1777 5048 sol.
1792 4987 1857 5047 166.

735 5091 750 5129 ⁸
771 5093 920 5170 castigetur
934 5106 963 5152 et
973 5093 1120 5170 puniatur.
1152 5089 1195 5149 H.
1206 5088 1258 5148 fol.
1273 5086 1341 5150 166.
