5118 6544
554 569 614 689 38

502 865 538 985 ἓ·
561 891 627 974 74·

492 976 558 1034 nae
576 980 601 1051 ς,
616 995 664 1053 42.

1154 558 1671 661 *CARTA

698 763 784 844 lum
805 784 869 846 aut
889 764 1070 846 suburbia
1089 768 1259 874 ejusdem
1279 770 1327 887 de
1349 771 1480 849 officio
1499 776 1513 824 ⁷
1529 770 1597 849 illo
1623 771 1840 851 exercendo
1868 769 1916 849 de
1936 768 2065 880 aliqua
2084 796 2125 852 re

700 891 869 968 eundem
890 890 1059 996 burgum
1074 891 1133 968 vel
1153 892 1335 971 suburbia
1363 911 1547 1000 tangente
1667 895 1736 973 ΕΤ
1759 899 1884 973 eciam
1903 894 2126 972 concessum

700 1011 837 1091 existat
867 1013 995 1089 eidem
1028 1015 1278 1094 Universrtati
1308 1018 1415 1122 quod
1445 1014 1709 1094 Cancellarius
1739 1016 1910 1122 ejusdem
1930 1016 2000 1121 qui
2020 1043 2126 1094 nunc

699 1135 753 1212 est
782 1153 821 1212 et
848 1133 1070 1212 successores
1102 1136 1159 1214 sui
1185 1139 1245 1214 vel
1266 1165 1402 1216 eorum
1422 1141 1525 1216 vices
1545 1158 1721 1246 gerentes
1742 1141 2034 1246 imperpetuum
2056 1139 2125 1218 soli

698 1275 737 1335 et
765 1256 974 1334 insolidum
1003 1255 1173 1336 habeant
1200 1261 1430 1366 potestatem
1459 1262 1682 1366 inquirendi
1711 1283 1751 1340 et
1779 1261 2037 1369 cognoscendi
2077 1259 2126 1337 de

697 1379 1016 1458 forstallatoribus
1051 1399 1089 1457 et
1119 1383 1332 1489 regratariis
1368 1385 1548 1461 carnibus
1584 1401 1624 1460 et
1658 1383 1825 1490 piscibus
1861 1384 2025 1490 putridis
2064 1383 2125 1458 vi-

697 1501 805 1579 ciosrs
832 1519 871 1579 et
900 1501 981 1580 aliis
1014 1502 1372 1611 incompetentibus
1393 1524 1432 1583 et
1451 1505 1563 1614 super
1581 1502 1656 1582 hiis
1677 1508 1930 1613 punicionem
1951 1504 2126 1582 debitam

696 1622 865 1702 faciendi
887 1625 948 1703 Sic
969 1641 1100 1702 tamen
1120 1627 1227 1731 quod
1256 1624 1499 1706 forisfacture
1519 1646 1558 1704 et
1580 1631 1881 1707 amerciamenta
1908 1628 1999 1705 inde
2027 1652 2122 1732 pro-

674 1749 895 1824 sveniencia
926 1774 995 1853 per
1020 1747 1149 1853 ipsum
1169 1749 1457 1828 Cancellarium
1478 1751 1748 1854 adjudicentur
1768 1769 1806 1828 et
1826 1749 2007 1856 hospitali
2035 1747 2125 1826 nos-

699 1885 760 1946 tro
792 1868 909 1947 sansli
940 1866 1131 1972 Johannis
1161 1870 1263 1948 diste
1290 1872 1383 1950 ville
1410 1873 1626 1950 liberentur
1649 1892 1766 1980 prout
1786 1873 1841 1950 est
1860 1870 1942 1948 fieri
1963 1870 2125 1948 consue-

619 2029 629 2047 ·
699 2007 786 2068 tum
898 1993 968 2070 ET
986 1993 1092 2098 quod
1107 1993 1199 2070 lieet
1213 1995 1344 2098 Major
1364 1995 1501 2073 Ballivi
1522 1995 1779 2073 Aldermanni
1794 1991 2128 2072 seualiihomines

699 2111 802 2190 diste
840 2114 932 2190 ville
969 2131 1009 2190 et
1037 2114 1311 2195 suburbiorum
1340 2118 1512 2223 ejusdem
1543 2117 1591 2195 de
1623 2117 1811 2225 premiffis
1847 2144 1925 2195 non
1959 2115 2127 2193 debeant

697 2233 733 2310 se
753 2236 1012 2311 intromittere
1027 2235 1095 2340 ipsr
1112 2254 1244 2313 tamen
1266 2239 1397 2342 Major
1416 2241 1556 2316 Ballivi
1577 2240 1834 2316 Aldermanni
1849 2259 1888 2316 et
1907 2239 1972 2316 alii
1992 2235 2128 2315 horni-

698 2381 766 2432 nes
779 2357 944 2462 predisti
958 2356 1070 2463 super
1085 2354 1162 2434 hiis
1177 2360 1360 2436 omnibus
1377 2378 1416 2436 et
1432 2359 1592 2466 fingulis
1613 2359 1857 2436 Cancellario
1877 2359 2000 2436 'dicte
2020 2359 2127 2434 Uni-

697 2478 883 2555 versrtatis
918 2481 986 2585 qui
1014 2506 1084 2585 pro
1116 2498 1292 2588 tempore
1323 2479 1441 2560 suerit
1461 2499 1621 2589 pareant
1638 2481 1844 2559 humiliter
1863 2498 1902 2558 et
1922 2478 2129 2557 intendant

621 2647 630 2668 ·
698 2619 814 2707 prout
849 2601 891 2678 in
923 2617 1028 2679 carta
1066 2602 1193 2679 nostra
1222 2603 1395 2710 predista
1424 2605 1578 2712 plenius
1614 2606 1838 2682 continetur
1953 2600 2049 2679 Nos
2082 2618 2127 2680 ut

698 2722 878 2830 premissa
906 2723 956 2801 src
984 2751 1052 2830 per
1072 2750 1142 2801 nos
1161 2724 1334 2804 concello
1353 2729 1498 2805 noticie
1517 2726 1639 2804 vestre
1659 2727 1813 2834 plenius
1834 2721 2129 2806 manifestentur

697 2869 741 2922 ea
761 2845 870 2924 vobis
894 2846 1079 2924 duximus
1107 2845 1344 2926 testificanda
1363 2875 1431 2955 per
1451 2848 1643 2955 presentes
1662 2849 1770 2926 vobis
1791 2867 1831 2927 et
1850 2847 2015 2925 cuilibet
2034 2844 2120 2922 ves·

696 2984 804 3046 trum
839 2966 1008 3046 districte
1037 2967 1315 3046 demandantes
1347 2969 1456 3076 quod
1484 2967 1660 3074 presente
1693 2968 1967 3046 testificacione
1998 2966 2127 3044 nostra

697 3117 830 3169 coram
854 3089 964 3170 vobis
997 3117 1091 3169 cum
1120 3116 1218 3198 opus
1250 3091 1369 3170 fuerit
1393 3089 1539 3170 ostensa
1564 3108 1604 3169 et
1627 3117 1695 3198 per
1723 3115 1792 3167 vos
1822 3089 1991 3196 inspecta
2010 3115 2131 3191 quam

699 3237 818 3322 penes
852 3213 1005 3291 dislum
1037 3214 1327 3294 Cancellarium
1355 3241 1404 3293 ex
1435 3217 1549 3293 certis
1580 3213 1700 3291 caulis
1730 3237 1928 3290 remanere
1946 3210 2129 3289 volumus

703 3354 937 3443 receptaque
968 3337 1059 3414 inde
1093 3365 1211 3444 penes
1240 3366 1307 3418 vos
1338 3336 1507 3445 quadam
1543 3337 1657 3444 copia
1684 3335 1841 3412 srvobis
1861 3334 2038 3412 videatur
2057 3358 2128 3411 ex·

703 3459 837 3567 pedire
868 3460 1020 3537 dietum
1051 3460 1341 3539 Cancellarium
1373 3457 1619 3538 libertatibus
1651 3456 1834 3564 prodistis
1865 3455 1980 3561 plene
2011 3456 2071 3532 uti
2091 3473 2131 3534 et

707 3582 876 3686 gaudere
896 3600 936 3659 et
956 3581 1083 3689 ipsum
1103 3582 1163 3660 vel
1180 3584 1262 3689 ejus
1279 3585 1380 3662 vices
1400 3601 1602 3689 gerentem
1619 3578 1745 3657 solum
1758 3597 1798 3657 et
1814 3575 2023 3655 insolidum
2036 3602 2131 3652 exe-

705 3704 912 3781 cucionem
925 3704 972 3781 de
985 3705 1174 3811 premiffis
1188 3724 1305 3814 prout
1317 3711 1330 3743 ²
1338 3703 1624 3814 pretenduntur
1636 3693 1822 3779 inldittis
1837 3699 1929 3776 villa
1941 3717 1980 3777 et
1993 3697 2131 3778 subur·

706 3825 781 3904 biis
802 3826 944 3935 absque
963 3828 1251 3936 impedimento
1270 3829 1402 3935 aliquo
1422 3825 1548 3904 facere
1569 3823 1804 3933 permittatis
1819 3823 1934 3928 juxta
1953 3840 2131 3900 tenorem

705 3947 997 4028 conceffionum
1030 3951 1246 4031 nostrarum
1278 3952 1541 4058 predictarum
1579 3974 1646 4027 vos
1681 3945 1773 4025 inde
1806 3946 1847 4022 in
1868 3944 2000 4051 aliquo
2031 3942 2133 4021 infra

704 4071 870 4149 ‘eadem
900 4072 1034 4152 villam
1065 4091 1105 4153 et
1134 4073 1317 4153 suburbia
1348 4071 1570 4153 nullatenus
1591 4067 1898 4148 intromittentes
1918 4084 2053 4146 contra
2071 4082 2134 4143 te·

707 4219 844 4271 norem
874 4196 1163 4277 concessionum
1193 4196 1406 4277 earundem
1435 4193 1553 4272 Teste
1583 4219 1648 4271 me
1683 4192 1765 4302 ipso
1800 4190 1903 4299 apud
1928 4189 2132 4270 Westmo-

707 4313 919 4394 nasterium
939 4318 1095 4398 decimo
1124 4322 1187 4398 die
1217 4321 1392 4425 Januarii
1421 4318 1543 4396 Anno
1568 4316 1680 4424 regni
1699 4315 1817 4394 nostri
1837 4312 1982 4422 Anglie
2001 4309 2133 4397 trices-

1129 4555 1338 4615 VARIAE
1380 4550 1716 4613 LECTIONES

749 4715 765 4756 ⁷
787 4706 835 4765 suo
857 4707 898 4768 H.
915 4708 968 4769 sol.
995 4711 1043 4771 81.
1489 4713 1502 4744 ⁸
1523 4705 1716 4785 pretenditur.
1735 4705 1910 4767 H.f01.82.

753 4795 769 4827 ³
789 4788 926 4863 ejusdem.
1492 4785 1506 4823 ⁵
1528 4788 1666 4864 predisla.
1688 4785 1730 4842 H.
1745 4785 1795 4844 sol.
1811 4790 1860 4847 82.

787 4870 853 4943 deest
867 4869 952 4928 diste.
993 4867 1036 4938 H.
1051 4867 1103 4929 sol.
1114 4870 1160 4928 82.
1488 4874 1500 4903 ‘
1522 4866 1654 4927 eandem.
1669 4866 1712 4942 Η,
1726 4865 1779 4926 sol.
1793 4868 1842 4928 82.

2045 4969 2141 5076 fimo
