5118 6544
909 641 947 731 Ι.
1018 637 1138 731 ΕΙ)
1174 641 1251 732 W.
1323 635 1405 730 IV.

433 812 539 895 five·
558 812 880 895 insurreccionem
901 813 1024 920 patrie
1044 831 1139 892 tunc
1159 813 1353 921 predictus
1372 806 1606 888 Senescallus
1625 808 1718 887 inde
1737 805 1854 890 saciat

435 937 651 1044 processum
682 963 752 1044 per
783 953 965 1044 precepta
993 934 1062 1013 sub
1090 934 1216 1042 sigillo
1235 935 1301 1012 suo
1321 933 1559 1012 Vicecomiti
1580 932 1854 1012 Comitatuum

433 1061 699 1166 predidtorum
731 1058 932 1164 dirigenda
964 1058 1011 1136 ad
1041 1059 1170 1136 venire
1198 1056 1422 1135 faciendum
1442 1080 1573 1132 coram
1593 1055 1699 1133 dieto
1718 1054 1854 1133 Senes-

434 1181 536 1261 callo
551 1183 651 1290 apud
666 1177 1045 1286 ¹³Guyhaldamdidle
1060 1179 1150 1258 ville
1160 1180 1276 1258 Oxon
1293 1178 1341 1257 ad
1357 1196 1508 1257 certum
1523 1177 1629 1255 diem
1645 1203 1713 1284 per
1728 1175 1856 1285 ipsum

433 1303 691 1382 senescallum
709 1300 981 1410 prefigendum
1001 1321 1039 1380 et
1056 1302 1322 1409 assignandum
1338 1301 1475 1380 decem
1494 1317 1533 1378 ct
1553 1301 1642 1380 odio
1660 1297 1802 1404 probos
1816 1317 1855 1378 et

433 1422 574 1531 legales
594 1422 774 1504 homines
794 1425 842 1502 de
862 1422 942 1502 visu
961 1425 1038 1503 loci
1070 1425 1137 1502 ubi
1166 1422 1389 1529 hujusmodi
1417 1421 1594 1530 prodicio
1622 1419 1855 1501 insurreccio

328 1547 330 1552 ’
433 1543 580 1625 felonia
597 1547 656 1626 vel
675 1545 920 1624 mahemium
941 1572 1010 1654 per
1029 1545 1254 1651 hujusmodi
1268 1546 1621 1624 indictamontum‘1
1637 1561 1781 1622 rettum
1795 1543 1857 1622 vel

433 1669 632 1775 appellum
652 1669 882 1777 supponitur
899 1666 983 1746 fore
1003 1666 1152 1748 sactum
1263 1670 1332 1746 ET
1364 1666 1470 1773 quod
1498 1666 1605 1745 idem
1625 1664 1856 1745 Vicecomes
1891 1688 2005 1797 599,

434 1810 616 1898 precepta
644 1793 712 1870 illa
738 1817 869 1870 coram
889 1788 1040 1898 prefato
1060 1790 1274 1870 Senescallo
1294 1790 1342 1868 ad
1361 1791 1467 1867 diem
1486 1789 1705 1896 predidlum
1726 1786 1857 1866 debite

433 1930 604 1990 retornet
623 1912 692 1991 sub
712 1939 812 2020 pena
828 1913 1084 2021 quadraginta
1101 1912 1289 1992 librarum
1303 1912 1344 1989 in
1358 1909 1484 1990 forma
1500 1910 1671 2017 predidla
1682 1908 1858 1989 similiter

434 2033 703 2113 solvendarum
814 2037 884 2113 ΕΤ
907 2035 1031 2113 eciam
1047 2036 1152 2142 quod
1173 2035 1279 2113 idem
1296 2031 1530 2112 senescallus
1549 2030 1724 2110 similiter
1741 2029 1860 2112 saciat
1896 2048 1931 2136 §.
1959 2057 2047 2114 100.

435 2154 651 2263 processum
680 2185 747 2264 per
777 2157 851 2236 alia
869 2177 1050 2266 precepta
1063 2156 1230 2236 Bedellis
1246 2156 1348 2235 dicte
1369 2154 1638 2234 Univerfitatis
1657 2154 1861 2262 dirigenda

432 2277 480 2356 ad
495 2279 624 2356 venire
634 2277 859 2358 faciendum
871 2305 1003 2358 coram
1017 2306 1063 2359 eo
1074 2279 1178 2386 apud
1196 2276 1448 2386 Guyhaldam
1462 2276 1676 2383 predictam
1692 2277 1739 2355 ad
1753 2277 1860 2358 dietn

430 2400 652 2507 predictum
667 2402 803 2480 decem
825 2417 863 2480 et
879 2404 969 2480 otto
987 2402 1129 2510 probos
1150 2419 1189 2478 ct
1208 2399 1350 2509 legales
1370 2399 1488 2478 laicos
1509 2396 1687 2477 homines
1707 2396 1776 2477 sub
1795 2399 1859 2478 vel

433 2523 482 2599 de
513 2523 717 2630 privilegio
750 2541 789 2602 et
822 2521 1098 2628 jurisdiccione
1137 2522 1406 2602 Univertitatis
1443 2519 1615 2627 predicte
1653 2518 1858 2599 existentes

434 2643 630 2750 Qudque
650 2645 845 2751 predistus
874 2645 1109 2724 Senescallus
1129 2642 1352 2749 hujusmodi
1372 2642 1523 2723 duobus
1544 2639 1705 2751 panellis
1726 2669 1859 2722 coram

432 2793 479 2843 eo
499 2764 549 2844 fic
569 2769 771 2846 retornatis
793 2765 952 2846 ulterius
972 2767 1019 2846 ad
1035 2765 1361 2846 deliberacionem
1378 2762 1602 2870 hujusmodi
1615 2762 1783 2843 arrestati
1798 2763 1859 2844 vel

431 2888 672 2994 imprisonati
693 2915 761 2996 per
780 2887 1090 2968 verificacionem
1109 2887 1183 2964 five
1198 2887 1494 2994 inquisicionem
1512 2881 1735 2989 hujusmodi
1748 2887 1857 2991 quus

432 3010 594 3114 quidem
612 3010 887 3087 verificacionis
903 3009 977 3085 five
993 3007 1260 3113 inquificionis
1277 3033 1353 3084 una
1368 3007 1554 3083 medietas
1569 3006 1614 3082 fit
1634 3006 1682 3083 de
1701 3006 1858 3113 predic-

433 3131 483 3208 tis
502 3126 730 3207 hominibus
759 3156 828 3239 per
847 3130 1137 3208 Vicecomitem
1155 3131 1418 3207 comitatuum
1443 3127 1707 3234 predidlorum
1728 3145 1854 3208 reto'r-

432 3251 570 3330 nandis
603 3269 641 3330 et
670 3249 745 3330 alia
775 3250 962 3330 medietas
991 3252 1039 3330 de
1060 3249 1243 3358 predictis
1263 3249 1491 3330 hominibus
1512 3250 1618 3329 laicis
1639 3250 1708 3328 sub
1729 3250 1789 3330 vel
1808 3251 1858 3330 de

432 3373 637 3481 privilegio
664 3392 704 3452 ct
724 3373 999 3478 jurisdiccione
1029 3373 1298 3454 Universrtatis
1327 3373 1498 3481 predisle
1518 3371 1770 3452 existentibus
1790 3399 1860 3481 per

431 3494 624 3603 predidtos
643 3493 813 3574 Bidellos
834 3495 1073 3574 retornandis
1090 3496 1274 3604 procedat
1293 3515 1409 3604 prout
1428 3495 1476 3573 de
1489 3496 1579 3601 jure
1594 3513 1633 3573 et
1645 3495 1858 3576 secundum

430 3618 561 3724 legem
580 3635 620 3695 et
639 3616 959 3697 consuetudinem
978 3619 1089 3726 regni
1109 3617 1227 3696 nostri
1246 3617 1391 3724 Anglie
1411 3645 1456 3697 ac
1474 3618 1678 3725 privilegia
1696 3617 1858 3697 liberta-

431 3757 488 3818 tes
505 3758 544 3818 et
562 3737 858 3819 consuetudines
879 3740 1148 3820 Univerfitatis
1168 3739 1341 3848 predicte
1372 3767 1416 3818 ac
1442 3741 1578 3848 vigore
1613 3738 1857 3848 presencium

431 3859 550 3941 suerit
564 3859 790 3940 faciendum
900 3862 971 3940 ET
994 3862 1022 3939 st
1041 3859 1266 3967 hujusmodi
1284 3861 1484 3942 attestatus
1505 3860 1565 3940 vel
1585 3861 1859 3969 imprisonatus
1895 3865 1928 3968 ᾖ.
1953 3887 2059 3978 ¹⁰¹⁶.

434 4010 566 4063 coram
585 3977 690 4062 dicto
710 3983 925 4064 Senescallo
945 3982 1134 4064 allocutus
1153 3984 1375 4091 allegaverit
1394 3985 1430 4063 se
1458 3981 1543 4062 sore
1574 3984 1763 4063 clericum
1792 3986 1857 4065 seu
2066 4061 2068 4064 ,

431 4105 588 4214 aliquod
618 4105 723 4185 aliud
753 4134 821 4215 per
850 4107 955 4213 quod
986 4106 1191 4214 privilegio
1209 4107 1336 4186 sandle
1356 4105 1512 4187 ecclesie
1531 4106 1698 4213 gaudere
1719 4106 1857 4189 debeat
2067 4081 2136 4160 'V'

430 4245 469 4306 et
483 4254 552 4334 per
565 4227 641 4307 loci
657 4231 895 4308 ordinarium
910 4228 970 4308 vel
985 4230 1067 4335 ejus
1080 4228 1312 4337 deputatum
1327 4226 1615 4336 calumpniatus
1632 4229 1748 4310 fuerit
1761 4247 1857 4310 tunc

430 4350 537 4428 idem
568 4351 803 4431 Senescallus
822 4352 948 4462 ipsum
970 4353 1097 4431 eidem
1117 4350 1312 4430 ordinario
1332 4351 1392 4429 vel
1413 4351 1600 4458 deputato
1615 4351 1682 4430 suo
1700 4350 1855 4432 liberari

432 4469 551 4551 saciet
567 4491 683 4580 prout
700 4473 803 4553 deest
887 4476 957 4553 Er
983 4498 1238 4552 praestan
1260 4501 1354 4553 cum
1374 4474 1475 4552 inter
1493 4492 1637 4552 ceteras
1656 4473 1853 4553 libertates
1893 4479 1930 4582 §.
1955 4499 2042 4558 102.

428 4612 472 4672 et
500 4593 704 4702 privilegia
732 4597 977 4676 Cancellario
997 4614 1036 4675 et
1057 4596 1275 4678 Scolaribus
1305 4596 1574 4674 Universrtatis
1597 4596 1768 4702 predidte
1785 4622 1854 4702 per
1864 4604 1917 4664 Iste
1939 4606 2074 4680 paragra-

430 4733 552 4793 cartas
574 4721 865 4823 progenitorum
888 4719 1108 4801 nostrorum
1128 4721 1329 4828 quondam
1349 4719 1509 4827 Regum
1528 4716 1674 4824 Anglie
1693 4687 2073 4825 conces-flugess‘e't‘ma‘j

1864 4843 2073 4921 CartamRegia

789 4919 1040 4979 VARIAE
1095 4917 1496 4980 LECTIONES.
1866 4923 2073 5002 Hen.4¹.de

469 5064 483 5092 ⁰
503 5055 733 5136 inquisicionem.
753 5062 795 5122 H.
811 5061 862 5121 sol.
882 5064 950 5125 168.
1292 5073 1305 5114 ‘¹
1326 5063 1445 5121 rectum.
1466 5061 1508 5120 H.
1523 5059 1574 5122 sol.
1591 5057 1657 5120 168-
1868 5005 2076 5166 {lhsullrdls

467 5155 483 5198 t
504 5147 724 5211 Guildhaldan.
745 5155 786 5215 ll.
802 5153 854 5212 fol.
868 5154 937 5216 168.

1248 5241 1289 5318 G
1806 5237 1861 5316 sas
