5118 6544
543 571 661 717 64'

1172 591 1654 689 CARTA

703 770 769 851 seu
801 769 975 878 aliquam
1005 770 1081 851 five
1110 769 1256 879 aliquas
1284 775 1461 883 personas
1481 777 1672 885 predidlas
1692 771 1854 856 scolares
1874 771 1939 854 seu
1958 775 2130 884 aliquem

700 921 839 974 eorum
858 893 933 972 five
953 895 1126 1002 aliquem
1145 897 1412 978 ministrorum
1426 901 1693 1007 predidlorum
1708 897 1949 979 offendentes
1966 901 2042 978 five
2056 900 2129 976 ali-

700 1043 822 1124 quam
849 1016 1051 1123 personam
1078 1018 1141 1098 seu
1168 1019 1346 1126 personas
1366 1022 1627 1130 privilegiatos
1648 1023 1752 1102 diere
1771 1022 2040 1101 Univerfitatis
2061 1049 2131 1100 co·

701 1166 785 1220 ram
815 1139 969 1245 Majore
999 1139 1062 1220 seu
1092 1141 1370 1222 Aldermannis
1388 1144 1463 1223 five
1482 1144 1640 1224 Ballivis
1659 1147 1762 1224 dicre
1782 1144 1891 1223 Ville
1911 1166 1976 1225 aut
1996 1146 2130 1251 aliquo

699 1261 776 1342 alio
802 1260 1023 1364 Justiciario
1054 1263 1118 1341 seu
1148 1258 1490 1345 Commifironario
1519 1266 1831 1375 quibuscumque
1858 1271 2041 1375 predid'tis
2063 1266 2130 1345 seu

697 1384 830 1490 aliquo
850 1411 987 1464 eorum
1007 1385 1187 1465 indiuari
1207 1386 1267 1466 vel
1287 1388 1520 1470 indictarum
1540 1389 1614 1470 effe
1634 1390 1806 1470 arrestari
1820 1391 1880 1469 vel
1900 1389 2129 1469 arrestatum

695 1505 769 1598 efie
784 1509 960 1588 arrestari
977 1507 1051 1585 five
1069 1513 1302 1589 affectatum
1322 1510 1395 1590 effe
1415 1512 1601 1620 appellari
1620 1513 1695 1592 five
1715 1512 1957 1622 appellatum
1977 1510 2050 1591 effe
2062 1509 2128 1589 seu

694 1628 870 1736 impetiri
890 1629 1087 1709 occafione
1106 1632 1380 1739 premissorum
1400 1657 1439 1715 et
1458 1636 1569 1743 super
1588 1633 1665 1715 hoc
1685 1634 1930 1744 imprisonari
1951 1635 2026 1712 five
2047 1636 2127 1712 im-

693 1749 936 1859 prisonatum
955 1751 1029 1831 esse
1049 1753 1154 1860 quod
1176 1757 1419 1866 extuncipse
1436 1759 1476 1835 in
1497 1760 1606 1863 cujus
1626 1757 1799 1837 custodia
1818 1756 2043 1863 hujusmodi
2063 1782 2126 1833 ar·

695 1873 855 1952 testatus
871 1873 933 1953 vel
948 1873 1221 1982 imprisonatus
1235 1877 1477 1987 ubicumque
1493 1879 1596 1959 infra
1611 1907 1777 1988 regnum
1793 1879 1965 1959 nostrum
1979 1877 2126 1985 Anglie

693 1995 832 2074 existat
852 1996 982 2076 statim
1001 2015 1041 2076 et
1056 1999 1285 2079 immediate
1300 2001 1385 2109 post
1401 2002 1670 2111 calumpniam
1684 2031 1754 2111 per
1767 2009 1780 2041 ²
1792 2004 1943 2082 distum
1956 1997 2126 2079 Cancel-

690 2117 835 2198 larium
855 2117 1173 2201 Commissarium
1193 2123 1268 2202 five
1288 2125 1371 2230 ejus
1391 2123 1624 2234 deputatum
1643 2125 1788 2205 factam
1815 2125 1998 2234 predistis
2030 2122 2126 2201 Ma·

686 2239 767 2346 jori
786 2238 850 2317 seu
870 2239 1153 2321 Aldermannis'
1169 2263 1235 2324 aut
1255 2245 1413 2325 Ballivis
1433 2247 1507 2326 five
1528 2248 1642 2327 diuis
1662 2248 1890 2352 justiciariis
1912 2265 1978 2342 aut
1998 2247 2126 2324 Com-

691 2361 936 2440 misfionariis
948 2362 1149 2486 predidlus
1165 2363 1317 2444 scolaris
1335 2366 1501 2446 serviens
1523 2367 1587 2445 seu
1606 2369 1783 2446 minister
1795 2395 1839 2446 ac
1850 2368 2024 2474 predidta
2035 2393 2128 2473 per-

694 2482 785 2562 sona
812 2483 887 2562 five
913 2483 1074 2590 persone
1092 2486 1335 2596 privilegiate
1355 2506 1421 2568 aut
1441 2488 1572 2595 aliqua
1590 2489 1853 2596 predidtarum
1875 2487 2129 2595 personarum

694 2605 745 2684 fic
780 2603 950 2684 arrestati
980 2605 1044 2686 seu
1073 2608 1315 2716 imprisonati
1334 2637 1428 2688 cum
1449 2637 1588 2689 eorum
1608 2611 1718 2688 causa
1738 2610 1802 2687 seu
1822 2607 1941 2687 caufis
1976 2606 2130 2716 prefato

695 2727 940 2808 Cancellario
969 2756 1041 2836 pro
1068 2746 1245 2839 tempore
1265 2732 1445 2813 existenti
1465 2733 1540 2812 five
1561 2730 1834 2811 Commissario
1854 2730 1981 2838 ejusve
2001 2732 2129 2840 depu-

693 2867 778 2930 tato
796 2849 861 2929 seu
880 2876 1017 2929 eorum
1036 2871 1144 2932 certo
1164 2872 1359 2934 attornato
1377 2857 1418 2935 in
1435 2853 1509 2935 hac
1528 2872 1638 2964 parte
1658 2854 1924 2934 deliberentur
1939 2872 1979 2932 et
1994 2880 2128 2932 coram

694 2969 848 3082 prefato
869 2973 1113 3053 Cancellario
1134 2975 1407 3058 Commifiario
1424 2995 1490 3056 aut
1502 2979 1584 3083 ejus
1597 2978 1783 3086 deputato
1798 2977 1871 3056 five
1887 3004 2018 3056 coram
2034 3003 2126 3085 pre-

698 3095 780 3175 fato
800 3094 1014 3182 Senescallo
1034 3097 1095 3175 vel
1116 3098 1404 3180 Subsenescallo
1420 3100 1523 3179 diste
1543 3099 1815 3179 Univerfitatis
1834 3100 1877 3180 in
1892 3098 2021 3179 forma
2035 3124 2128 3208 pre-

696 3218 801 3298 diua
819 3218 895 3297 five
914 3245 1048 3298 coram
1067 3221 1251 3330 prodistis
1264 3223 1492 3328 justiciariis
1508 3251 1579 3333 per
1593 3224 1816 3333 predictum
1836 3220 2127 3302 Cancellarium

697 3359 742 3422 ut
762 3341 977 3450 predicitur
995 3341 1187 3460 affignatis
1207 3345 1282 3425 five
1309 3347 1538 3454 affignandis
1568 3347 1776 3426 audiantur
1795 3344 2059 3452 justificentur
2085 3361 2126 3424 et

533 3551 543 3572 .
617 3549 626 3569 ⁸
695 3465 1005 3545 determinentur
1117 3468 1187 3548 Eu
1220 3468 1327 3577 quod
1356 3496 1437 3549 non
1465 3468 1580 3549 liceat
1608 3495 1682 3548 nec
1713 3467 1970 3577 imposterum
1990 3466 2127 3547 licebit

695 3586 855 3697 prefatis
874 3588 1023 3695 Majori
1042 3588 1201 3670 Ballivis
1221 3591 1286 3670 seu
1306 3591 1536 3696 justiciariis
1556 3590 1906 3672 Commifiionariis
1926 3588 2126 3698 supradic-

698 3711 749 3790 tis
770 3736 842 3789 nec
863 3711 979 3791 alicui
995 3712 1211 3791 eorundem
1231 3711 1317 3820 post
1335 3713 1603 3819 calumpniam
1623 3713 1688 3791 seu
1718 3712 2044 3792 certificacionem
2071 3712 2128 3790 eis

698 3833 768 3945 per
799 3833 952 3912 diuum
982 3835 1273 3915 Cancellarium
1304 3831 1624 3914 Commifiarium
1654 3831 1782 3939 ejusve
1806 3831 2042 3940 deputatum
2061 3850 2129 3914 aut

695 3982 920 4067 percorum
939 3955 1014 4035 five
1035 3956 1198 4063 alicujus
1218 3984 1356 4038 eorum
1375 3957 1534 4036 certum
1548 3972 1792 4037 attornatum
1810 3952 1954 4034 sarram
1980 3955 2056 4035 five
2077 3953 2128 4033 fi·

698 4080 840 4158 endam
873 4078 1025 4185 aliquos
1054 4078 1244 4187 precelsus
1272 4107 1346 4189 pro
1365 4078 1497 4186 aliquo
1516 4077 1592 4158 five
1611 4077 1720 4158 dect
1741 4077 1855 4187 super
1873 4077 2005 4185 aliquo
2024 4102 2128 4186 quo·

699 4228 871 4309 cumque
890 4202 1174 4283 indistamento
1189 4203 1265 4283 five
1281 4201 1571 4313 presentacione
1590 4227 1724 4282 coram
1737 4200 1792 4280 eis
1807 4219 1924 4311 capto
1939 4202 2004 4282 seu
2018 4201 2129 4310 capi·

698 4323 801 4405 endo
834 4351 988 4404 necnon
1014 4325 1063 4403 de
1091 4343 1131 4404 et
1158 4326 1270 4434 super
1298 4323 1493 4433 aliquibus
1523 4322 1599 4403 five
1624 4324 1757 4432 aliquo
1776 4323 1938 4433 appellis
1957 4323 2129 4404 murdris

698 4446 855 4528 feloniis
874 4447 939 4524 seu
959 4443 1167 4528 mahemiis
1187 4466 1256 4527 aut
1274 4447 1474 4556 aliquibus
1493 4445 1569 4526 five
1587 4447 1722 4556 aliquo
1739 4446 2029 4528 indietamentis
2057 4445 2124 4524 su-

698 4569 880 4679 pradictis
899 4567 975 4647 five
995 4567 1191 4676 aliquibus
1208 4569 1376 4678 querelis
1396 4567 1471 4649 five
1490 4566 1645 4677 placitis
1659 4570 1724 4649 seu
1738 4571 1911 4650 materiis
1927 4586 1995 4650 aut
2006 4567 2127 4648 caufia

698 4691 1012 4800 quibuscumque
1031 4689 1257 4812 supradictis
1273 4690 1399 4773 versus
1416 4690 1589 4799 aliquem
1604 4691 1791 4804 scolarem
1802 4691 2038 4777 servientum
2052 4689 2129 4774 five

1078 4929 1330 5024 VARIAE
1370 4928 1772 4994 LECTIONES.

1154 5091 1387 5173 -·predifimn.
1427 5089 1622 5170 H.sol.183.
