5118 6544
860 577 993 671 xrv.
1064 575 1190 670 ΗΕ
1226 503 1299 669 N..
1368 577 1499 672 vnr.
1982 623 2042 718 73

464 756 579 820 antea
601 740 774 822 concessa
793 757 874 821 tam
893 745 935 824 in
948 743 1144 851 presencia
1159 769 1279 850 quam
1295 735 1358 822 “in
1372 741 1548 822 absencia
1562 737 1687 822 nostra
1703 737 1895 826 heredum

465 881 505 941 et
525 862 781 944 successorum
800 865 1018 946 nostrorum
1036 862 1138 944 infra
1152 867 1401 974 procinslum
1415 866 1518 944 diste
1533 863 1803 945 Universrtatis
1819 864 1892 944 ha-

467 984 585 1064 beant
616 1008 655 1066 et
689 1006 846 1067 teneant
875 1006 916 1067 et
948 989 1003 1067 eis
1035 1005 1241 1067 eteorum
1273 988 1450 1096 quolibet
1482 985 1599 1095 plene
1629 984 1824 1095 gaudeant
1850 1005 1892 1069 et
1987 1053 1992 1062 .

466 1125 626 1188 utantur
645 1111 939 1218 imperpetuum
1049 1110 1119 1188 Er
1146 1137 1271 1212 ouon
1290 1111 1396 1190 idem
1411 1109 1890 1191 CancellariusCommis·
1930 1113 1969 1218 §.
1987 1141 2008 1225 3
2015 1143 2055 1226 5.

464 1229 583 1310 sarius
603 1233 730 1337 ejusve
749 1235 957 1341 deputatus
978 1249 1173 1312 eteorum
1200 1232 1425 1314 successores
1445 1232 1509 1312 seu
1530 1231 1765 1312 Senescallus
1786 1234 1890 1314 Sub·
2014 1280 2019 1292 ·

463 1352 688 1433 senescallus
709 1375 748 1436 et
768 1357 834 1435 alii
852 1356 1011 1460 Judices
1030 1381 1100 1463 per
1119 1356 1269 1435 dictum
1287 1356 1577 1436 Cancellariurn
1596 1356 1638 1435 in
1657 1351 1786 1434 forma
1797 1383 1889 1464 prc-

464 1474 568 1552 dieta
598 1478 775 1586 deputati
805 1495 887 1559 tam
914 1478 964 1557 de
996 1475 1221 1584 hujusmodi
1240 1477 1594 1586 transgressionibus
1614 1493 1655 1556 ct
1673 1477 1888 1558 malefactis

462 1598 644 1703 predictis
672 1628 792 1708 quam
820 1601 869 1681 de
887 1601 1199 1710 mesprilionibus
1219 1600 1511 1681 extorcionibus
1530 1600 1886 1710 conspiracionibus

460 1720 848 1802 confederacionibus
876 1724 1187 1802 manutenenciis
1209 1722 1311 1802 falfis
1330 1722 1552 1830 alleganciis
1571 1723 1767 1830 compotis
1786 1749 1885 1800 con-

460 1843 649 1922 trastibus
683 1865 722 1923 et
751 1845 901 1950 injuriis
921 1843 1234 1953 quibuscumque
1254 1863 1294 1923 ct
1313 1845 1498 1924 omnibus
1517 1844 1601 1924 aliis
1622 1842 1795 1922 articulis
1815 1846 1886 1952 qui

460 1981 647 2068 poterunt
666 1969 803 2045 cadere
821 1969 863 2046 in
883 1966 1004 2046 finem
1023 1968 1084 2045 vel
1103 1967 1421 2075 redempcionem
1441 1965 1506 2047 seu
1528 1967 1570 2045 in
1596 1966 1714 2044 aliam
1740 1992 1886 2074 penam

460 2087 727 2190 pecuniariam
741 2115 790 2190 ac
810 2089 858 2167 de
878 2089 963 2168 aliis
991 2090 1255 2169 contractibus
1285 2090 1438 2199 placitis
1458 2108 1498 2168 et
1516 2088 1684 2196 querelis
1703 2089 1886 2197 persona-

459 2205 565 2286 libus
581 2227 621 2288 et
641 2211 723 2290 aliis
743 2212 862 2291 causas
883 2231 923 2291 et
939 2213 1110 2292 materiis
1127 2212 1439 2319 quibuscumque
1454 2237 1708 2319 quocumque
1722 2211 1886 2289 nomine

460 2329 686 2411 censeantur
705 2334 768 2411 seu
786 2335 931 2412 censeri
945 2352 1131 2442 poterunt
1149 2334 1241 2412 licet
1259 2351 1424 2440 tangant
1442 2359 1511 2411 nos
1531 2330 1693 2410 heredes
1711 2331 1774 2411 vel
1792 2333 1882 2411 suc·

459 2451 618 2532 cess'ores
637 2454 784 2534 nostros
801 2455 931 2533 Affifis
947 2473 990 2533 et
986 2455 1152 2561 placitis
1169 2456 1216 2531 de
1231 2453 1356 2533 libero
1371 2469 1599 2532 tenemento
1612 2452 1802 2531 duntaxat
1812 2479 1885 2532 ex

459 2577 583 2680 ceptis
602 2575 704 2652 infra
723 2576 858 2653 villam
879 2563 998 2698 Oxpn
1018 2572 1201 2653 suburbia
1218 2572 1423 2653 hundreda
1441 2591 1511 2651 aut
1529 2572 1781 2652 Comitatus
1791 2591 1884 2680 pre-

460 2693 585 2772 dictos
615 2695 676 2776 vel
709 2697 802 2774 alibi
834 2657 958 2774 infra
970 2723 1137 2804 regnum
1167 2696 1343 2776 nostrum
1371 2694 1519 2802 Anglie
1544 2694 1886 2804 qualitercumque

459 2818 749 2925 emergentibus
770 2817 881 2898 fastis
900 2817 975 2897 five
994 2819 1223 2927 perpetratis
1240 2837 1308 2899 aut
1323 2817 1512 2899 faciendis
1527 2817 1604 2896 five
1618 2819 1886 2926 perpetrandis

458 2954 542 3018 tam
562 2940 609 3018 ad
629 2941 770 3019 sestam
790 2939 961 3019 nostram
979 2939 1172 3019 heredum
1190 2957 1230 3018 et
1250 2936 1509 3019 successorum
1528 2938 1747 3018 nostrorum
1764 2966 1886 3047 quam

458 3061 506 3139 ad
526 3061 669 3140 sestam
688 3063 808 3170 partis
822 3061 884 3143 vel
901 3062 977 3140 alio
997 3063 1116 3142 modo
1135 3088 1390 3171 quocumque
1409 3061 1477 3142 ubi
1495 3061 1655 3140 scolares
1668 3079 1735 3140 aut
1747 3088 1888 3142 eorum

457 3182 661 3262 servientes
681 3185 745 3262 seu
764 3184 931 3264 ministri
951 3204 1019 3265 aut
1037 3184 1166 3294 alique
1186 3185 1260 3264 alie
1279 3185 1439 3294 persone
1459 3211 1537 3293 que
1563 3185 1696 3292 aliquo
1723 3183 1886 3293 privile·-

457 3307 525 3413 gio
542 3306 645 3385 dicte
664 3307 936 3388 Universrtatis
956 3309 1123 3416 gaudere
1142 3307 1312 3388 debeant
1327 3308 1389 3388 vel
1409 3308 1548 3388 debeat
1565 3333 1664 3415 quos
1683 3306 1745 3386 vel
1763 3333 1908 3415 quem¹

456 3428 622 3536 predicti
636 3430 899 3510 Cancellarius
914 3430 1207 3512 Commiffarius
1221 3431 1347 3539 ejusve
1362 3429 1634 3511 locumtenens
1653 3429 1729 3508 five
1748 3455 1886 3508 eorum

440 3549 682 3630 ‘successores
710 3552 976 3662 calumpniare
1004 3553 1198 3635 voluerint
1225 3554 1280 3633 est
1309 3555 1371 3633 vel
1399 3556 1472 3634 erit
1500 3580 1579 3632 una
1607 3551 1786 3660 parcium
1816 3576 1886 3658 per

457 3669 618 3752 scolares
637 3674 702 3752 scu
722 3701 858 3756 eorum
877 3675 1082 3756 servientes
1102 3675 1301 3755 aut‘laicas
1321 3693 1455 3784 gentes
1471 3673 1646 3780 ejusdcm
1656 3672 1748 3752 ville
1762 3673 1885 3753 Oxon

457 3812 525 3874 aut
544 3823 613 3904 per
630 3795 724 3874 alios
744 3797 945 3904 inquirant
964 3815 1003 3876 et
1018 3798 1216 3905 inquirere
1230 3797 1373 3907 poffint
1386 3816 1426 3876 et
1439 3794 1596 3904 plenam
1609 3796 1885 3902 cognicionem

456 3933 497 3997 et
515 3919 805 3998 correccionem
824 3917 916 3996 inde
935 3916 1105 3999 habeant
1121 3937 1160 3998 et
1173 3918 1397 4026 hujusmodi
1411 3917 1554 4027 placita
1568 3917 1742 4025 querelas
1754 3916 1885 3996 causas

458 4058 498 4119 et
524 4042 704 4120 materias
734 4043 775 4120 in
808 4067 1060 4150 quocumque
1089 4043 1179 4120 loco
1205 4040 1308 4120 infra
1326 4040 1464 4120 villam
1482 4039 1653 4119 nostram
1673 4040 1792 4120 Oxou
1817 4055 1886 4117 aut

458 4160 643 4241 suburbia
661 4162 831 4269 ejusdem
848 4180 916 4242 aut
934 4165 1184 4271 procinctum
1204 4163 1477 4244 Univerfitatis
1492 4163 1712 4270 predicte
1679 4187 1733 4242 ets
1748 4160 1886 4284 placu-

459 4285 532 4362 erit
550 4301 590 4363 et
609 4273 914 4364 execucionibus
934 4287 1025 4366 inde
1046 4285 1261 4366 secundum
1281 4312 1420 4366 eorum
1438 4284 1580 4365 statuta
1606 4304 1646 4365 et
1674 4267 1884 4364 consuetu·

459 4401 570 4487 dines
590 4406 651 4487 vel
671 4406 885 4487 secundum
904 4409 1035 4517 legem
1054 4436 1164 4517 regni
1152 4409 1299 4489 nostri
1314 4409 1461 4517 Anglic
1476 4406 1524 4487 ad
1538 4408 1780 4488 voluntatem
1792 4429 1884 4511 pre·

460 4527 657 4608 didlorum
689 4530 923 4612 Cancellarii
955 4529 1218 4612 Commiffarii
1247 4531 1323 4611 live
1342 4533 1424 4639 ejus
1444 4529 1620 4640 deputati
1639 4545 1679 4606 et
1697 4523 1883 4606 successo-

458 4675 549 4730 rum
567 4651 726 4732 suorum
745 4651 893 4734 saciant
949 4659 1011 4737 Ac
1040 4679 1177 4734 omnes
1197 4673 1236 4734 et
1255 4655 1424 4764 singulos
1445 4651 1628 4732 articulos
1647 4647 1778 4729 causas
1797 4673 1884 4728 ma-

790 4888 1485 4955 vautnELucTIONEs

498 5045 864 5129 ‘wmfffflssp
1268 5047 1660 5132 qfflmstfflssp

1173 5157 1212 5236 K
1774 5149 1890 5232 terias
