5118 6544
1167 642 1677 736 CARTA

709 845 906 953 aliquibus
933 844 1047 923 rebus
1067 844 1195 954 ipsum
1214 848 1423 924 dominum
1443 848 1599 952 Regem
1617 845 1678 924 vel
1697 843 2024 925 communitatem
2044 871 2134 954 pre-

712 971 859 1047 dictam
890 969 1140 1074 tangentibus
1171 970 1336 1077 predicti
1366 970 1629 1048 Cancellarius
1654 986 1694 1047 et
1714 969 1884 1047 Scolares
1904 995 1973 1076 per
1991 994 2137 1077 procu·

714 1111 859 1168 ratores
892 1089 978 1169 suos
1008 1091 1102 1170 alios
1132 1092 1202 1170 fibi
1233 1092 1483 1202 appropriant
1511 1111 1550 1170 et
1579 1094 1648 1199 qui
1677 1119 1755 1169 non
1785 1091 1873 1170 sunt
1903 1091 2071 1169 Scolares
2092 1108 2137 1169 ut

713 1212 876 1291 Ciffores
903 1213 1129 1292 Barbatores
1159 1209 1400 1322 Scriptores‘l
1422 1215 1727 1293 Parcaminarios
1753 1231 1794 1291 et
1820 1212 2045 1319 hujusmodi
2065 1213 2135 1317 qui

712 1363 793 1413 non
812 1334 899 1413 sunt
919 1336 968 1413 de
982 1337 1256 1441 jurisdiccione
1287 1338 1351 1416 sua
1376 1355 1416 1416 et
1435 1337 1504 1444 qui
1523 1336 1670 1415 habent
1688 1338 1730 1415 in
1750 1337 1887 1416 eadem
1906 1335 2014 1413 Villa
2032 1359 2133 1411 uxo-

711 1485 771 1535 res
797 1454 990 1537 familiam
1018 1477 1057 1538 et
1084 1458 1338 1540 mercandisas
1358 1461 1439 1538 suas
1459 1477 1499 1536 et
1526 1458 1602 1538 hoc
1622 1460 1669 1536 ad
1688 1485 1804 1565 grave
1823 1459 2043 1566 dampnum
2062 1456 2136 1533 do-

710 1580 810 1657 mini
845 1581 967 1687 Regis
999 1600 1038 1660 et
1070 1583 1333 1662 firmariorum
1367 1581 1525 1660 suorum
1581 1584 1650 1658 An
1684 1581 1790 1687 quod
1817 1609 1886 1688 per
1912 1579 2135 1688 predistum

709 1701 999 1780 Cancellarium
1028 1723 1066 1782 ct
1097 1705 1307 1814 Magistros
1336 1721 1376 1782 et
1404 1705 1528 1782 eciam
1556 1728 1626 1810 per
1653 1703 1845 1809 predictos
1876 1703 2074 1803 Majorem
2094 1717 2135 1776 et

707 1823 921 1929 Burgenses
953 1827 1193 1905 unanimiter
1229 1828 1284 1906 est
1323 1826 1603 1904 concordatum
1641 1823 1748 1930 quod
1785 1826 1964 1903 decctero
2002 1819 2133 1899 nullus

707 1945 874 2052 gaudeat
904 1945 1150 2026 libertatibus
1191 1949 1255 2027 seu
1290 1946 1503 2056 privilegiis
1542 1945 1812 2025 Univerfitatis
1852 1946 2024 2055 predicte
2063 1941 2134 2021 nist

709 2067 841 2145 clerici
867 2084 907 2147 et
939 2095 1076 2146 eorum
1108 2069 1257 2150 familia
1270 2089 1309 2148 et
1330 2070 1561 2148 servientese
1579 2071 1865 2148 Parcamenarii
1881 2059 1893 2106 ¹
1911 2064 2134 2147 Luminarii

708 2189 924 2298 Scriptores
951 2190 1178 2270 Barbatores
1199 2193 1322 2270 etalii
1343 2190 1522 2269 homines
1539 2191 1587 2269 de
1612 2191 1743 2270 officio
1763 2193 1831 2298 qui
1853 2191 1940 2269 sunt
1960 2189 2008 2267 de
2028 2187 2132 2265 robis

705 2311 880 2418 ipsorum
897 2312 1131 2391 clericorum
1151 2334 1190 2393 et
1210 2313 1236 2392 fi
1257 2315 1305 2391 de
1325 2312 1571 2391 mercandifis
1592 2313 1787 2418 aliquibus
1814 2313 1850 2389 se
1866 2311 2134 2389 intromittant

553 2422 668 2530 §·33·
707 2434 782 2512 smt
812 2434 1017 2514 talliabiles
1046 2436 1161 2515 fimul
1182 2461 1273 2515 cum
1294 2433 1550 2541 Burgensrbus
1662 2434 1733 2512 An
1764 2431 1841 2510 hoc
1868 2433 1993 2510 eciam
2023 2428 2131 2537 quod

707 2555 874 2664 predicti
904 2557 1036 2662 Major
1067 2579 1106 2638 et
1138 2558 1350 2665 Burgenses
1384 2573 1599 2662 queruntur
1626 2556 1732 2661 quod
1763 2555 1830 2632 ubi
1864 2553 1933 2662 ipsr
1958 2552 2132 2632 solebant

705 2696 931 2757 tenementa
959 2679 1025 2757 sua
1050 2683 1092 2758 in
1123 2681 1296 2788 predicta
1327 2679 1433 2757 Villa
1460 2677 1607 2754 tradere
1638 2694 1678 2754 et
1709 2677 1890 2755 dimitere
1909 2677 1955 2754 ad
1974 2673 2131 2753 firmam

704 2827 777 2909 pro
809 2801 1009 2880 voluntate
1038 2801 1102 2879 sna
1131 2804 1178 2880 ad
1207 2801 1527 2880 sustentacionem
1548 2798 1654 2878 suam
1674 2817 1713 2878 et
1732 2826 1943 2907 puerorum
1972 2797 2130 2876 suorum

702 2924 868 3029 predicti
898 2924 1162 3003 Cancellarius
1194 2942 1232 3002 et
1265 2924 1435 3004 Scolares
1464 2948 1542 2998 non
1563 2925 1798 3028 permittunt
1818 2948 1883 3002 eos
1903 2936 2129 3000 tenementa

702 3045 767 3124 sua
798 3045 845 3124 ad
867 3046 1081 3124 terminum
1105 3045 1323 3123 breviorem
1340 3041 1487 3121 tradere
1520 3066 1641 3146 quam
1669 3044 1716 3120 ad
1746 3046 1963 3122 terminum
1980 3041 2129 3118 ‘trium

703 3193 897 3246 annorum
929 3168 976 3244 ad
996 3194 1110 3273 grave
1132 3167 1350 3273 dampnum
1370 3163 1666 3241 communitatis
1687 3165 1859 3271 predidte
1915 3167 1984 3242 An
2020 3163 2130 3270 quod

703 3289 887 3368 dominus
907 3289 997 3365 Rex
1017 3287 1102 3365 vult
1121 3304 1160 3363 et
1180 3291 1347 3394 precipit
1367 3284 1485 3387 Qud
1506 3284 1672 3391 predidti
1696 3285 1909 3395 Burgenses
1938 3313 2018 3364 non
2047 3286 2127 3364 im-

704 3410 913 3519 pediantur
940 3435 1010 3517 per
1028 3408 1223 3517 predictos
1242 3406 1532 3488 Cancellarium
1552 3425 1592 3486 et
1610 3407 1779 3487 Scolares
1799 3425 1839 3486 et
1859 3409 2130 3486 Procuratores

704 3533 791 3612 suos
824 3534 921 3640 quin
952 3547 1175 3609 tenementa
1204 3529 1269 3609 sua
1296 3531 1386 3610 darc
1414 3526 1579 3608 vendere
1607 3529 1802 3639 poffintet
1821 3529 1868 3607 ad
1888 3526 2043 3606 firmam
2063 3529 2128 3606 di·

703 3658 861 3733 mittere
893 3670 1011 3760 prout
1037 3651 1108 3731 srbi
1127 3651 1267 3733 viderit
1286 3653 1469 3764 expedire
1487 3652 1548 3730 Ita
1567 3670 1699 3732 tamen
1719 3651 1826 3760 quod
1843 3649 1948 3730 fraus
1967 3648 2127 3728 collusro

703 3777 769 3857 seu
797 3775 1014 3856 convencio
1042 3801 1121 3853 non
1143 3772 1209 3854 fiat
1228 3803 1298 3884 per
1316 3775 1421 3885 quod
1441 3774 1573 3854 clerici
1597 3773 1892 3885 dehospitentur
1908 3773 1971 3851 vel
1991 3799 2127 3853 eorum

701 3897 877 4009 hospicia
902 3896 998 3976 fiant
1027 3898 1175 3978 cariora
1212 3899 1267 3978 Et
1293 3902 1418 3980 eciam
1447 3896 1554 4004 quod
1573 3897 1705 3978 clerici
1723 3897 1895 4006 hospicia
1914 3897 1978 3977 sua
1997 3896 2127 4002 primo

550 4022 584 4127 §.
597 4046 662 4128 34.
701 4022 826 4104 locata
844 4048 925 4101 non
945 4021 1150 4101 dimittant
1175 4040 1310 4101 contra
1329 4021 1650 4102 consuetudinem
1670 4021 1848 4101 ufitatam
1958 4021 2027 4097 An
2050 4014 2127 4095 hoc

701 4147 826 4225 eciam
861 4144 968 4252 quod
994 4143 1161 4253 predicti
1192 4143 1326 4250 Major
1357 4159 1396 4223 et
1426 4143 1638 4251 Burgenses
1664 4160 1881 4252 queruntur
1900 4141 2005 4248 quod
2031 4165 2128 4222 cunt

701 4268 869 4376 quilibet
889 4265 988 4344 liber
1002 4265 1128 4347 homo
1146 4267 1424 4347 racionabilem
1442 4265 1582 4345 debeat
1602 4267 1746 4349 habere
1768 4263 2128 4346 summonicionem

1084 4489 1302 4551 VARIAE
1332 4491 1673 4556 LECT‘IONES.

740 4630 1007 4712 ‘pergamenari'ou
1032 4634 1137 4694 H.f01.
1154 4632 1200 4694 16.
1214 4651 1252 4711 34
1429 4637 1653 4714 Purgamenarii.
1683 4637 1726 4698 H.
1738 4635 1789 4696 fol.
1801 4655 1851 4715 97.

697 4725 949 4798 pergaminatores.
981 4726 1024 4786 H.
1041 4725 1091 4785 fol.
1103 4743 1153 4804 97.
1173 4743 1323 4805 ¹29·155·
1432 4729 1666 4805 Purgamentuii.
1696 4728 1739 4787 H.
1756 4728 1808 4788 fol.
1822 4744 1873 4801 47.

695 4816 932 4900 Pefssfflinarioe·
966 4818 1008 4878 H·
1021 4815 1073 4875 fol·
1085 4834 1134 4892 47·
1148 4834 1198 4894 57·
1472 4817 1665 4882 ‘Liminarii
1690 4819 1733 4881 H.
1743 4818 1794 4879 fol.
1807 4816 1853 4878 16.
1863 4835 1911 4896 34.
1924 4833 1973 4897 57.
1987 4834 2035 4898 97.
2054 4833 2123 4894 1·3o-.

735 4903 987 4984 ‘Pergamenarii
1012 4907 1241 4988 1111111634.
1260 4925 1336 4995 57.)
1342 4928 1392 4992 30.
1439 4911 1507 4992 ¹5⁶·

702 4996 769 5078 ¹¹56·
1474 5003 1608 5073 'decem
1629 5004 1672 5067 H.
1690 5005 1743 5069 fol.
1759 5003 1807 5068 16.
1822 5006 1876 5066 ἃς.

1926 5085 2128 5198 predictus
