5118 6544
1173 628 1661 724 CARTA

696 833 787 912 alias
817 834 994 943 personas
1024 833 1214 943 predidtas
1242 833 1504 941 privilegiatas
1534 832 1607 911 five
1637 831 1764 912 versus
1794 832 1968 942 aliquem
1991 862 2126 921 eorum

696 959 771 1036 five
803 985 940 1036 eorum
972 960 1040 1034 uni
1070 956 1313 1036 offendentes
1344 957 1420 1034 five
1451 984 1612 1064 quoquo
1644 955 1764 1035 modo
1784 957 2058 1064 delinquentes
2078 965 2126 1041 ad

695 1077 1024 1159 certificacionem
1052 1079 1380 1186 fignificacionem
1415 1077 1728 1158 notificacionem
1755 1079 1831 1158 five
1861 1083 2126 1190 calumpniam

696 1203 745 1281 de
765 1201 988 1308 hujusmodi
1008 1204 1293 1282 indictamento
1313 1203 1373 1279 vel
1393 1201 1736 1280 indittatofadtam
1752 1230 1822 1310 per
1838 1205 2127 1286 Cancellarium

698 1325 1017 1405 Commifiarium
1038 1324 1163 1430 ejusve
1183 1327 1416 1432 deputatum
1433 1323 1496 1401 seu
1523 1351 1748 1434 percorum
1769 1353 1893 1403 unum
1910 1346 2126 1408 autentum

696 1468 850 1529 certum
869 1467 1109 1527 attornatum
1130 1449 1172 1525 in
1186 1446 1259 1526 hac
1279 1465 1387 1554 parte
1407 1475 1477 1554 pro
1498 1464 1675 1555 tempore
1695 1447 1925 1526 existentem
1945 1477 2014 1556 per
2029 1451 2126 1529 Ma-

689 1571 821 1676 jorem
841 1571 905 1649 seu
925 1570 1212 1649 Aldermannos
1232 1570 1402 1648 Ballivos
1422 1569 1661 1672 justiciarius
1681 1568 1745 1648 seu
1764 1570 2125 1652 Commiffionarios

696 1695 890 1801 predidtos
911 1713 951 1770 et
971 1694 1191 1801 quemlibet
1219 1719 1356 1772 eorum
1390 1690 1542 1799 prefato
1571 1691 1814 1772 Cancellario
1844 1721 1915 1802 pro
1948 1712 2125 1803 tempore

696 1816 876 1895 existenti
907 1814 970 1893 seu
997 1817 1079 1922 ejus
1097 1813 1370 1894 Commissario
1388 1814 1450 1892 seu
1471 1841 1607 1893 eorum
1627 1817 1908 1922 vicemgerenti
1928 1816 1991 1896 seu
2011 1817 2128 1896 alicui

695 1966 832 2018 eorum
853 1956 919 2018 aut
939 1956 1134 2018 attornato
1154 1939 1331 2046 predidlo
1350 1965 1419 2046 per
1434 1936 1661 2017 indenturas
1681 1939 1783 2018 inter
1801 1938 1999 2046 prelatum
2019 1940 2127 2018 Can·

694 2063 897 2141 cellarium
917 2060 991 2138 five
1008 2059 1329 2139 Commifiarium
1345 2079 1410 2138 aut
1425 2060 1506 2166 ejus
1523 2061 1756 2169 deputatum
1772 2079 1811 2140 et
1824 2062 2018 2169 predidlos
2031 2061 2127 2141 Ma·

686 2184 817 2287 jorem
837 2201 877 2260 et
896 2182 1187 2260 Aldermannos
1203 2183 1277 2261 five
1294 2182 1565 2261 interdictum
1585 2183 1874 2263 Cancellarium
1887 2181 2125 2263 Commissa·

694 2307 796 2383 rium
810 2311 824 2357 ⁷
836 2304 918 2408 ejus
938 2306 1170 2411 deputatum
1190 2320 1230 2380 et
1244 2303 1485 2405 Justiciarios
1502 2305 1576 2382 five
1594 2305 1955 2384 Commiffionarios
1967 2306 2125 2415 predic-

690 2445 751 2505 tos
764 2426 838 2504 five
850 2451 986 2504 eorum
998 2425 1169 2532 aliquem
1180 2427 1315 2503 omnia
1329 2443 1369 2504 et
1382 2423 1529 2530 fingula
1544 2425 2008 2530 predidtaindidtamenta
2022 2453 2124 2537 que·

693 2574 866 2655 cumque
882 2547 1043 2626 scolares
1060 2568 1099 2626 et
1114 2548 1292 2656 personas
1307 2548 1498 2656 predidtas
1513 2547 1739 2654 tangencia¹
1748 2544 1898 2654 prefato
1914 2549 2123 2630 Cancella-

693 2668 1028 2752 rioCommiffario
1041 2670 1123 2778 ejus
1137 2670 1324 2780 deputato
1335 2670 1399 2748 seu
1410 2671 1480 2748 uni
1495 2693 1632 2748 eorum
1644 2685 1712 2747 aut
1725 2693 1864 2749 eorum
1879 2686 1987 2749 certo
1999 2690 2124 2752 attor·

692 2814 787 2874 nato
799 2790 922 2872 inhac
930 2811 1039 2900 parte
1048 2793 1178 2872 statim
1190 2812 1230 2870 et
1243 2792 1470 2872 immediate
1480 2788 1798 2900 postbujusmodi
1807 2790 2126 2876 notificacionem

692 2915 768 2996 five
798 2914 1068 3023 calumpniam
1094 2911 1245 3023 prefato
1274 2913 1420 3019 Majori
1440 2914 1504 2992 seu
1523 2913 1799 2996 Aldermannis
1819 2914 1978 2993 Ballivis
1998 2916 2123 3019 Justi·

693 3039 821 3118 ciariis
852 3037 917 3118 seu
949 3034 1298 3118 Commisfionariis
1320 3035 1503 3144 prodistis
1522 3032 1668 3114 fastam
1688 3033 1952 3114 deliberentur
1971 3054 2010 3116 et
2029 3065 2123 3150 pro·
2158 3072 2165 3082 ’

693 3161 856 3241 ceffibus
870 3180 910 3241 et
921 3158 1222 3242 execucionibus
1237 3158 1461 3266 hujusmodi
1474 3158 1847 3238 indiuamentorum
1864 3158 2125 3266 quibuscum-

693 3313 771 3394 que
802 3283 990 3365 faciendis
1022 3284 1144 3378 iidem
1163 3281 1298 3389 Major
1317 3281 1456 3362 Ballivi
1477 3309 1520 3361 ac
1539 3279 1751 3384 Jufiiciarii
1771 3280 1846 3360 five
1868 3282 2122 3365 Commiffio-

691 3407 789 3488 narii
809 3407 928 3488 nostri
947 3406 1138 3488 heredum
1158 3423 1197 3484 et
1210 3402 1466 3485 successorum
1481 3404 1702 3485 nostrorum
1715 3405 1961 3515 quicumque
1976 3424 2015 3486 et
2030 3409 2123 3516 qui-

692 3531 792 3612 libet
813 3558 950 3611 eorum
961 3533 1126 3611 omnino
1146 3528 1415 3637 supersedeant
1435 3545 1473 3608 et
1490 3528 1527 3606 se
1542 3527 1633 3607 inde
1646 3526 1808 3606 ulterius
1823 3529 1864 3606 in
1879 3529 2013 3633 aliquo
2028 3531 2122 3609 nul-

690 3654 842 3734 latenus
867 3655 1133 3734 intromittant
1160 3650 1229 3728 sub
1260 3651 1362 3759 pe'na
1386 3650 1645 3757 quadraginta
1663 3649 1856 3730 librarum
1875 3649 1986 3728 nobis
2004 3648 2124 3731 soris·

688 3775 930 3857 fat‘turarum
943 3777 1007 3857 sed
1020 3793 1177 3856 tanturn
1196 3799 1332 3851 coram
1350 3768 1502 3878 prefato
1523 3768 1771 3848 Cancellario
1790 3772 1867 3849 five·
1884 3773 2121 3854 Commissa-

612 3879 613 3882 *
690 3903 748 3980 rio
781 3920 847 3979 aut
877 3901 959 4006 ejus
987 3900 1173 4007 deputato
1193 3894 1267 3974 five
1287 3891 1515 4000 justiciariis
1535 3890 1718 4000 predidis
1738 3917 1808 4001 per
1828 3893 2122 3978 Cancellarium

690 4040 735 4103 ut
754 4022 947 4134 prefertur
966 4020 1195 4129 affignandis
1214 4019 1349 4097 omnia
1368 4031 1407 4094 et
1422 4014 1571 4123 singula
1589 4009 1815 4120 hujusmodi
1836 4014 2122 4131 indistarnenta
2190 4025 2196 4036 '

683 4145 802 4254 juxta
820 4147 902 4225 vim
922 4143 1093 4225 formam
1113 4161 1154 4223 et
1172 4139 1360 4223 effectum
1378 4135 1496 4245 hujus
1516 4135 1768 4217 concessionis
1786 4137 1913 4218 nostre
1932 4137 2057 4219 audiri
2080 4153 2121 4221 et

527 4281 563 4388 ς.
593 4281 654 4361 16.
690 4270 892 4349 terminari
911 4269 1094 4349 volumus
1113 4294 1184 4375 per
1202 4262 1396 4375 presentes
1414 4262 1709 4370 imperpetuum
1819 4259 1890 4340 Ετ
1912 4259 1941 4339 fi
1960 4263 2120 4343 contin-

688 4413 756 4502 gat
775 4390 1002 4499 hujusmodi
1020 4391 1302 4471 indistamenta
1320 4387 1396 4468 five
1415 4411 1554 4465 eorum
1576 4373 1736 4492 aliquod
1763 4382 1814 4463 fic'
1842 4398 1956 4494 capta
1985 4403 2121 4466 coram

689 4515 882 4626 predictis.
904 4513 1060 4619 Majore
1090 4529 1130 4592 et
1163 4509 1441 4593 Aldermannis
1472 4507 1548 4587 five
1574 4507 1732 4587 Ballivis
1751 4504 1846 4586 ville
1865 4505 2037 4618 prediste
2057 4507 2121 4588 vel

689 4665 823 4720 coram
843 4635 1026 4748 prodistis
1044 4635 1275 4741 Justiciariis
1303 4632 1380 4711 five
1400 4656 1538 4709 eorum
1562 4630 1694 4737 aliquo
1714 4625 1782 4710 aut
1799 4630 2032 4737 ‘aliqua'ali'a
2049 4629 2117 4712 in·

690 4761 928 4843 dictamenta
947 4776 1060 4869 capta
1079 4758 1141 4837 vel
1159 4756 1349 4865 capienda
1363 4777 1497 4834 coram
1511 4752 1754 4866 Cancellario
1766 4749 2039 4834 commissario
2052 4750 2118 4837 seu

1072 4979 1290 5043 VARIAE
1321 4975 1665 5043 LECTIONES.

731 5159 747 5201 r
766 5145 873 5224 ejusve.
897 5146 940 5207 H.
954 5147 1007 5210 sol.
1022 5149 1091 5227 183.
1476 5153 1492 5184 ⁸
1511 5141 1642 5225 prefatis.
1661 5141 1705 5204 H.
1716 5141 1769 5221 sol..
1786 5142 1855 5223 183.
2063 5239 2072 5257 ι

2039 5263 2123 5346 ejus
