5118 6544
1161 525 1670 623 CARTA

697 740 799 818 diste
832 732 1100 814 Universrtatis
1122 731 1286 812 firmiter
1306 733 1546 839 injungendo
1568 733 1674 840 quod
1694 730 1853 812 nullum
1882 735 2068 817 clericum
2089 740 2131 818 in

699 861 851 968 prisona
881 858 1086 934 detentum
1112 884 1183 963 pro
1215 856 1374 936 vulnere
1396 876 1461 934 aut
1482 855 1683 934 mabemio
1704 857 1752 933 de
1773 857 1926 963 prisona
1944 861 2134 942 deliberet

698 981 898 1089 quousque
933 981 1135 1058 veritatem
1166 1000 1313 1058 certam
1347 996 1386 1058 et
1411 979 1676 1058 indubitatam
1711 980 1906 1089 intelligat
1944 985 2049 1090 quod
2083 986 2133 1064 de

702 1123 829 1182 morte
855 1122 922 1182 aut
953 1101 1150 1181 mahemio
1172 1131 1251 1181 non
1272 1103 1491 1208 desperetur
1512 1123 1550 1180 et
1570 1104 1670 1181 bene
1690 1098 1846 1182 caveat¹
1869 1106 2131 1186 Cancellarius

551 1244 578 1314 “,
602 1269 617 1292 a
652 1295 661 1315 ,
701 1229 741 1306 in
776 1228 851 1305 hoc
894 1227 1058 1304 articulo
1099 1229 1205 1331 quod
1245 1227 1429 1303 omuibus
1469 1225 1587 1302 saciat
1618 1227 1818 1331 justiciam
1944 1232 2014 1307 An
2051 1228 2129 1308 hoc

700 1353 824 1430 eciam
861 1351 966 1456 quod
995 1351 1158 1456 predicti
1189 1350 1321 1454 Major
1349 1367 1388 1425 et
1420 1350 1633 1454 Burgenses
1664 1371 1882 1456 queruntur
1909 1353 2133 1458 quodcum

700 1475 863 1582 prediCli
901 1473 1164 1551 Cancellarius
1203 1492 1242 1550 et
1282 1473 1452 1550 Scolares
1493 1474 1665 1550 clamant
1701 1469 1845 1552 habere
1886 1477 2131 1553 tax-arionem

701 1601 910 1675 domorum
948 1595 1183 1701 Bugensrum
1214 1597 1253 1672 in
1288 1595 1430 1700 quibus
1460 1596 1593 1674 clerici
1612 1593 1836 1674 inhabitant
1854 1598 1894 1674 in
1918 1599 2023 1676 Villa
2043 1625 2132 1703 pre-

702 1725 803 1798 dista
838 1739 876 1796 et
913 1721 1063 1796 taxacio
1097 1718 1164 1796 illa
1196 1718 1278 1794 fieri
1306 1720 1444 1795 debeat
1475 1720 1521 1795 de
1545 1719 1746 1826 septennio
1767 1719 1806 1796 in
1829 1718 2073 1826 septennium
2094 1738 2133 1798 et

704 1874 769 1950 per
803 1844 1085 1920 sacramentum
1128 1841 1409 1947 Magistrorum
1450 1862 1489 1919 et
1536 1843 1791 1948 Burgensrum
1826 1843 1992 1948 predicti
2022 1845 2130 1919 Can-

702 1969 879 2043 cellarius
914 1985 953 2042 et
985 1965 1152 2042 Scolares
1180 1984 1220 2042 et
1250 1965 1522 2042 Procuratores
1558 1964 1613 2042 sui
1650 1967 1935 2044 Universrtatis.
1957 1966 2130 2072 predidle

704 2089 914 2192 llurgenses
935 2086 1034 2190 ipsos
1050 2087 1180 2188 jurare
1201 2086 1345 2164 saciant
1368 2088 1416 2163 de
1437 2089 1638 2166 taxacione
1660 2087 1725 2165 illa
1749 2087 1926 2166 facienda
1947 2089 1994 2164 de
2014 2090 2132 2194 quin-

703 2210 876 2315 quennio
897 2209 935 2282 in
958 2208 1276 2310 quinquennium
1298 2236 1368 2284 nec
1390 2214 1625 2312 permittunt
1645 2211 1845 2314 magistros
1860 2211 1992 2312 jurare
2013 2237 2133 2314 prop-

704 2353 762 2410 ter
794 2330 901 2436 quod
939 2330 1159 2405 taxaciones
1194 2327 1259 2405 ille
1290 2356 1367 2404 non
1399 2329 1486 2405 sunt
1515 2330 1802 2406 racionabiliter
1831 2329 1931 2406 sac‘te
1961 2330 2056 2408 sicut
2086 2332 2134 2408 de

698 2456 787 2559 jure
820 2453 892 2530 esl'e
925 2451 1111 2528 deberent
1144 2450 1197 2564 'ad
1232 2478 1346 2557 grave
1385 2451 1603 2558 dampnum
1646 2451 1898 2556 Burgensrum
1931 2470 1969 2528 et
2009 2455 2136 2530 eciam

705 2578 810 2654 Ville
830 2577 981 2653 domini
1006 2575 1124 2678 Regis
1147 2593 1184 2649 et
1214 2575 1291 2650 srne
1312 2593 1506 2651 warranto
1528 2593 1570 2652 ut
1591 2575 1755 2650 credunt
1813 2576 1881 2651 An
1921 2574 2027 2681 quod
2061 2577 2134 2653 do-

707 2703 836 2776 minus
872 2699 960 2775 Rex
986 2697 1070 2774 vult
1100 2715 1138 2773 et
1169 2694 1333 2773 firmiter
1353 2698 1520 2802 precipit
1541 2697 1660 2798 Qrod
1682 2697 1903 2775 taxaciones
1924 2698 2136 2776 domorum

709 2824 749 2898 in
773 2822 863 2897 villa
885 2822 1002 2896 Oxon
1024 2819 1118 2895 srant
1139 2819 1186 2894 de
1207 2820 1479 2924 quinquennio
1499 2822 1540 2894 in
1561 2821 1877 2925 quinquennium
1895 2838 2011 2926 prout
2032 2839 2138 2899 carta

708 2945 859 3021 domini
890 2941 1010 3046 Regis
1043 2941 1170 3015 vultm
1190 2941 1287 3015 duos
1318 2941 1479 3015 clericos
1513 2957 1553 3014 et
1585 2941 1681 3016 duos
1702 2940 1819 3017 laicos
1849 2944 1999 3045 juratos
2039 2962 2078 3019 et
2108 2943 2134 3020 fi

709 3065 840 3146 clerici
868 3065 1002 3168 jurent
1029 3089 1097 3167 per
1126 3060 1410 3140 sacramentum
1442 3060 1548 3165 quod
1576 3058 1756 3139 fecerunt
1775 3063 2026 3141 Universrtati
2046 3065 2135 3144 laici

704 3189 838 3293 jurent
872 3214 941 3292 per
970 3185 1254 3262 sacramentum
1275 3184 1381 3291 quod
1400 3184 1564 3261 domino
1579 3184 1681 3290 Regi
1702 3182 1879 3263 fecerunt
1899 3204 1938 3263 et
1958 3185 1985 3263 s1
2006 3186 2140 3264 clerici

712 3336 859 3387 novum
891 3307 1035 3384 saciant
1055 3307 1327 3410 juramentum
1348 3307 1453 3413 quod
1474 3306 1562 3382 laici
1582 3303 1658 3383 hoc
1678 3305 1823 3385 saciant
1844 3325 1882 3384 et
1901 3309 1942 3383 in
1963 3307 2050 3388 loco
2071 3309 2141 3387 ubi

487 3440 584 3496 Verba
599 3439 684 3496 Edw-
713 3429 956 3537 temporibus
972 3431 1168 3507 retroaslis
1181 3429 1305 3508 facere
1320 3431 1598 3507 consueverunt
1611 3429 1672 3506 &c
1784 3427 1879 3505 Nos
1891 3432 2139 3509 autemordi-

493 3520 581 3594 Regis
597 3520 657 3580 ²d1·
714 3557 919 3633 melonem
941 3555 1154 3659 predictam
1176 3580 1295 3658 quam
1315 3580 1447 3630 coram
1468 3551 1580 3629 nobis
1600 3552 1731 3630 venire
1751 3547 1916 3629 fecimus
1937 3550 1984 3627 ad
2004 3553 2139 3657 requi-

714 3678 897 3755 s1cionem
919 3677 1072 3752 discreti
1092 3676 1164 3753 viri
1181 3675 1352 3782 magistri
1374 3675 1541 3753 Henrici
1561 3673 1609 3752 de
1630 3671 1776 3753 Harcla
1796 3671 2012 3752 Cancellari
2033 3674 2139 3753 Uni·

714 3799 900 3877 versrratis
929 3799 1101 3906 predic‘te
1121 3817 1363 3906 acceptantes
1384 3826 1471 3876 earn
1491 3825 1563 3906 pro
1584 3797 1696 3876 nobis
1717 3816 1756 3875 et
1774 3795 1982 3874 heredibus
2002 3797 2140 3876 nostris

715 3939 906 4030 quantum
941 3925 982 3999 in
1012 3922 1124 4001 nobis
1154 3923 1208 4000 est
1227 3923 1479 4001 concedimus
1508 3940 1548 4000 et
1577 3919 1856 3999 confirmamus
1891 3919 2062 4004 volentes
2100 3937 2141 4000 et

715 4047 972 4124 concedentes
999 4047 1202 4154 pronubis
1235 4065 1275 4124 et
1302 4045 1512 4124 heredibus
1534 4045 1671 4122 nostris
1691 4044 1801 4150 quod
1831 4043 2006 4149 predicta
2034 4043 2141 4121 ordi-

716 4171 829 4248 nacio
860 4171 900 4247 in
931 4170 1116 4247 omnibus
1145 4188 1184 4247 et
1215 4171 1371 4278 singulis
1399 4169 1473 4247 suis
1494 4168 1667 4246 articulis
1686 4165 1852 4245 firmiter
1875 4182 1915 4246 et
1934 4165 2142 4246 inviolabi-

716 4293 806 4370 liter
825 4292 1046 4370 observetur
1075 4294 1288 4371 secundum
1304 4293 1474 4372 sormam
1496 4289 1667 4398 superius
1688 4307 1915 4368 annotatam
1957 4292 2003 4367 ln
2032 4289 2143 4393 cujus

718 4417 773 4492 rei
794 4415 1060 4493 testimonium
1091 4417 1159 4494 has
1189 4416 1317 4495 literas
1348 4415 1491 4494 nostras
1525 4413 1608 4492 fieri
1635 4411 1802 4492 fecimus
1821 4429 1996 4521 patentes
2024 4410 2143 4489 Teste

718 4537 790 4616 Me
811 4537 892 4644 ipso
912 4539 1012 4644 apud
1035 4539 1426 4618 Westmonasterium
1440 4538 1652 4617 undecimo
1671 4538 1735 4616 die
1754 4537 1897 4616 Marcii
1914 4537 2033 4614 Anno
2054 4561 2143 4642 reg·

1033 4805 1037 4814 ⁴
1135 4780 1348 4838 VARIAE
1389 4778 1730 4838 LECTlONES

760 4916 852 4978 ¹stbi,
888 4918 930 4980 H.
946 4917 1060 4997 sol.17.
1532 4930 1631 4999 'pen
1660 4921 1700 4980 H.
1717 4920 1768 4982 sol.
1789 4937 1835 4996 17.
1852 4921 1905 4978 dac.
