5118 6544
588 655 655 716 10·
1177 611 1701 706 CARTA.

735 774 920 852 slanciam
951 790 989 849 et
1008 779 1021 823 ⁸
1042 772 1382 878 contemplacione
1401 763 1418 808 ¹¹
1438 771 1597 878 persone
1617 769 1680 847 sue
1700 767 1871 874 graciam
1896 769 1938 847 in
1963 767 2037 850 hac
2052 791 2162 879 parte

731 896 858 975 facere
892 896 1123 1002 ampliorem
1152 893 1405 970 concessrmus
1427 898 1480 970 eis
1498 921 1568 1000 pro
1589 892 1700 968 nobis
1720 910 1759 968 et
1779 888 1988 970 heredibus
2021 897 2157 974 nostris

733 1039 771 1098 et
804 1019 877 1098 hac
906 1037 1009 1094 carta
1042 1015 1167 1092 nostra
1197 1013 1474 1094 confirmamus
1502 1015 1608 1121 quod
1628 1014 1720 1092 licet
1739 1013 1809 1120 ipst
1830 1015 1891 1091 vel
1911 1043 2045 1094 eorum
2065 1045 2157 1124 pre-

734 1141 941 1220 decessores
958 1140 1203 1215 libertatibus
1225 1138 1406 1244 predislis
1432 1137 1490 1213 vel
1511 1139 1640 1242 aliqua
1662 1136 1890 1213 earumdem
1911 1138 2041 1243 aliquo
2068 1141 2157 1217 casu

730 1282 954 1369 emergente
985 1259 1171 1337 hactenus
1201 1262 1315 1365 plene
1350 1259 1402 1336 us1
1431 1286 1509 1336 non
1541 1258 1687 1337 suerint
1714 1259 1783 1365 ipsr
1810 1277 1940 1337 tamen
1962 1280 2156 1340 eteorum

730 1385 954 1466 successores
985 1381 1231 1461 libertatibus
1259 1381 1335 1459 illis
1367 1399 1406 1457 et
1436 1409 1569 1459 earum
1590 1383 1765 1488 qualibet
1785 1379 1862 1457 fine
1882 1382 2079 1460 occafione
2097 1384 2156 1462 vel

730 1509 1015 1617 impedimento
1049 1505 1166 1582 nostri
1194 1505 1254 1581 vel
1285 1502 1474 1580 heredum
1505 1503 1723 1581 nostrorum
1751 1503 2061 1605 Justiciariorum
2081 1506 2153 1583 Es-

728 1651 928 1710 caetorum
949 1629 1242 1705 Viceeomitum
1262 1643 1328 1703 aut
1348 1625 1514 1702 aliorum
1535 1625 1776 1703 Ballivorum
1795 1626 1858 1703 seu
1879 1627 2154 1708 Ministrorum

726 1755 944 1833 nostrorum
981 1776 1324 1857 quorumcumque
1356 1749 1534 1825 decetero
1571 1750 1686 1855 plene
1714 1749 1908 1856 gaudeant
1935 1767 1974 1826 et
1996 1766 2155 1827 utantur

577 1904 584 1919 ·
661 1904 669 1923 ·
725 1880 926 1955 lusurus
965 1901 1057 1950 cum
1086 1898 1152 1978 per
1179 1872 1299 1947 distas
1327 1871 1455 1948 literas
1486 1889 1662 1977 patentes
1691 1869 1830 1978 prefati
1865 1871 2001 1948 Proavi
2035 1872 2154 1949 nostri

725 1997 945 2077 concessum
965 1994 1092 2072 fuisset
1112 1995 1222 2070 dietis
1246 1993 1489 2070 Cancellario
1510 2012 1549 2070 et
1569 1994 1819 2072 Univerfitati
1840 1994 1944 2098 quod
1962 1995 2152 2100 quamdiu

727 2123 831 2199 disto
863 2122 949 2196 Avo
975 2117 1102 2193 nostro
1129 2117 1297 2221 placeret
1325 2118 1364 2192 in
1397 2115 1516 2192 causis
1544 2115 1776 2193 clericorum
1809 2143 1856 2191 ex
1888 2119 2034 2193 mutuis
2055 2117 2152 2193 datis

729 2261 795 2322 aut
831 2242 993 2347 receptis
1028 2259 1092 2315 aut
1128 2238 1394 2313 taxacionibns
1434 2238 1496 2314 seu
1530 2239 1793 2316 locacionibus
1832 2237 2053 2336 domorum,
2089 2256 2155 2316 aut

728 2367 836 2472 equis
857 2363 1058 2440 condustis
1080 2360 1244 2436 venditis
1265 2358 1329 2436 seu
1348 2360 1606 2437 commodatis
1628 2361 1689 2437 seu
1709 2361 1847 2466 pannis
1863 2379 1901 2436 et
1921 2360 2153 2438 victualibus

724 2507 857 2566 ortum
886 2484 1121 2563 habentibus
1142 2482 1205 2558 seu
1232 2483 1315 2558 aliis
1337 2481 1572 2586 quibussibet
1592 2508 1720 2559 rerum
1742 2480 1950 2558 mobilium
1971 2499 2151 2558 contrac-

724 2611 827 2688 tibus
858 2610 898 2685 in
929 2608 1145 2712 municipio
1173 2623 1239 2681 aut
1268 2604 1452 2681 suburbio
1471 2607 1587 2681 Oxon
1608 2603 1718 2681 fastis
1739 2603 1961 2711 prohibicio
1983 2603 2046 2680 sua
2070 2631 2149 2681 non

492 2741 680 2799 continuatio
721 2750 890 2811 curreret
911 2730 964 2806 set
985 2727 1205 2833 hujusmodi
1226 2727 1334 2804 cause
1354 2754 1485 2803 coram
1508 2728 1749 2803 Cancellario
1771 2727 2040 2803 Universrtatis
2063 2727 2150 2803 Ox-

492 2823 706 2976 ,ffffflf'ffi-
721 2883 771 2933 on
788 2883 864 2932 non
882 2851 1054 2930 obslante
1075 2849 1346 2956 prohibicione
1367 2849 1431 2926 sua
1447 2851 1718 2926 deciderentur
1737 2849 1969 2926 Vouuntus
1992 2867 2031 2924 et
2051 2875 2149 2925 con-

491 3005 554 3058 gem
565 2985 706 3043 Edu-111·
722 2978 896 3056 cedimus
929 3003 998 3081 pro
1027 2976 1136 3050 nohis
1167 2992 1205 3048 et
1235 2969 1442 3047 heredibus
1471 2971 1607 3048 noslris
1628 2972 1675 3047 de
1695 2969 1822 3048 nostra
1841 2972 2009 3048 uberiori
2024 2974 2152 3076 gracia

491 3067 649 3143 usqueadr.
662 3087 708 3146 ²4‘
723 3121 765 3179 ut
792 3101 985 3177 studentes
1015 3099 1055 3172 in
1084 3095 1341 3171 Universrtate
1371 3095 1544 3199 predista
1572 3093 1706 3172 studiis
1734 3091 1954 3199 hujusmodi
1976 3093 2152 3170 inherere

722 3242 761 3300 et
782 3221 981 3299 intendere
1011 3216 1257 3322 tranquillius
1288 3235 1326 3292 et
1353 3214 1603 3320 fatigaciones
1626 3243 1667 3292 ac
1690 3216 1763 3292 alia
1784 3216 1916 3294 litium
1935 3234 1974 3292 et
1995 3215 2149 3321 jurgio-

723 3373 811 3422 rum
845 3341 1041 3447 dispendia
1063 3341 1215 3415 valeant
1236 3340 1378 3416 evitare
1399 3338 1503 3443 quod
1524 3341 1564 3414 in
1585 3337 1768 3414 omnibus
1789 3335 2012 3441 hujusmodi
2031 3337 2148 3414 causrs

720 3467 954 3545 clericorum
982 3462 1151 3538 indicta
1181 3460 1271 3537 villa
1301 3462 1417 3536 Oxon
1449 3478 1488 3536 et
1507 3458 1699 3535 suburbiis
1721 3458 1890 3560 ejusdem
1912 3475 2043 3534 ortum
2075 3458 2146 3536 ha-

720 3589 902 3666 bentibus
933 3582 1153 3692 prohibieio
1180 3583 1305 3660 nostra
1335 3583 1396 3660 vel
1426 3579 1616 3659 heredum
1638 3579 1855 3658 nostrorum
1876 3579 2053 3656 decetero
2073 3580 2146 3656 ali-

721 3712 862 3817 quibus
892 3706 1032 3785 suturis
1061 3708 1300 3813 temporibus
1331 3732 1578 3810 nequaquam
1608 3721 1736 3780 currat
1761 3729 1832 3780 nec
1853 3701 1985 3778 locum
2005 3699 2147 3777 habeat

718 3836 773 3911 set
804 3832 912 3910 cause
933 3828 1154 3934 hujusmodi
1174 3857 1305 3906 coram
1329 3828 1571 3906 Cancellario
1591 3825 1858 3903 Universrtatis
1878 3823 2049 3932 predisle
2078 3826 2147 3928 qui

717 3985 788 4065 pro
823 3974 999 4060 ternpore
1030 3950 1147 4030 fuerit
1179 3953 1238 4028 vel
1274 3952 1355 4056 ejus
1389 3949 1661 4028 Commissario
1699 3947 1774 4028 srve
1808 3947 2146 4024 Locum-tenente

715 4107 793 4156 non
820 4075 1058 4154 obstantibus
1089 4073 1310 4180 hujusmodi
1330 4072 1669 4179 prohibicionibus
1691 4071 1805 4176 regiis
1826 4065 2014 4176 perpetuo
2035 4069 2144 4145 deci·

715 4203 856 4278 dantur
968 4197 1094 4275 ITEM
1129 4225 1222 4274 cum
1253 4199 1293 4273 in
1324 4197 1409 4273 aliis
1430 4195 1550 4273 literis
1570 4195 1733 4299 predisti
1753 4193 1891 4269 Proavi
1911 4191 2028 4268 nostri
2048 4218 2143 4270 eon-

715 4325 885 4402 tineatur
917 4321 1023 4425 quod
1055 4346 1191 4397 omnes
1217 4320 1356 4396 domus
1378 4318 1548 4423 ejusdem
1570 4316 1776 4421 municipii
1797 4316 1915 4391 Oxou
1937 4341 1957 4389 a
1978 4313 2143 4390 Scolari÷

716 4445 788 4523 bus
810 4445 1025 4522 inhabitate
1042 4461 1079 4518 et
1094 4441 1346 4520 inhabitande
1364 4470 1384 4517 a
1399 4439 1669 4546 quinquennio
1690 4439 1730 4514 in
1747 4436 2059 4544 quinquennium
2082 4460 2143 4511 re·

715 4586 896 4645 taxentur
920 4565 1133 4642 secundum
1162 4564 1367 4641 arbitrium
1390 4581 1610 4640 taxatorum
1633 4560 1865 4638 clericorum
1886 4575 1924 4634 et
1953 4557 2142 4632 laicorum

714 4718 762 4769 ex
778 4708 940 4794 utraque
961 4705 1069 4794 parte
1083 4687 1303 4791 juratorum
1321 4687 1516 4763 Volumus
1537 4701 1575 4761 et
1595 4683 1776 4790 predistis
1790 4679 2032 4758 Cancellario
2048 4678 2143 4758 Ma.-

1053 4911 1305 4969 VARIAE
1346 4905 1744 4970 LECTIONES.

750 5014 1036 5094 ‘contemplacionh
1070 5013 1113 5074 H.
1129 5013 1179 5072 sol.
1199 5030 1266 5092 ¹5¹·
1515 5007 1751 5086 ”dssstpefs⁰¹¹²·
1794 5004 1989 5082 H·f⁶¹·¹5¹'
2043 5087 2119 5165 ῃ.

2012 5117 2054 5196 gl
2090 5113 2140 5166 ns
