5118 6544
1153 587 1677 683 CARTA.

707 747 918 832 insolidum
947 743 1117 827 habeant
1146 744 1378 853 potestatem
1404 744 1630 851 inquirendi
1648 761 1687 822 et
1707 744 1969 853 cognoscendi
1989 750 2036 829 de
2056 751 2143 834 sor·

709 871 965 954 stallatoribus
1002 888 1042 948 et
1074 869 1289 976 regratariis
1318 868 1501 946 carnibus
1529 884 1570 944 et
1599 865 1768 974 piscibus
1797 872 1962 976 putridis
1992 877 2145 958 viciosrs

711 1017 751 1076 et
770 997 862 1073 alias
881 991 1239 1101 incompetentibus
1254 991 1317 1068 'in
1335 990 1440 1070 dista
1458 989 1550 1068 villa
1566 989 1685 1068 Oxou
1699 1009 1739 1068 et
1752 988 1943 1072 suburbiis
1964 997 2142 1101 ejusdem.

709 1137 749 1197 et
770 1113 976 1224 superbiis
997 1117 1250 1223 punicionem
1271 1113 1446 1193 debitam
1464 1111 1634 1192 faciendi
1663 1112 1713 1191 src
1742 1129 1874 1194 tamen
1895 1121 2000 1222 quod
2015 1118 2134 1200 foris-

706 1239 855 1322 sasture
868 1257 907 1317 et
923 1240 1223 1316 amerciamenta
1235 1236 1326 1315 inde
1336 1235 1609 1344 proveniencia
1624 1261 1692 1343 per
1706 1236 1832 1344 ipsum
1847 1239 2138 1324 Cancellarium

704 1361 976 1469 adjudicentur
1004 1379 1044 1440 et
1072 1358 1254 1468 hospitali
1281 1360 1411 1438 nostro
1441 1359 1559 1437 sancti
1579 1355 1772 1461 Johannis
1791 1359 1894 1438 diste
1915 1363 2006 1440 ville
2031 1365 2134 1444 libe·

539 1496 573 1586 ς.
596 1514 663 1599 43.
705 1504 841 1563 rentur
867 1503 983 1592 prout
1012 1483 1067 1561 est
1099 1481 1182 1560 fieri
1212 1482 1443 1561 consuetum
1553 1481 1624 1560 Er
1646 1481 1740 1558 licet
1761 1481 1893 1588 Major
1921 1502 1960 1561 et
1994 1486 2134 1568 Ballivi

706 1607 966 1686 Aldermauni
993 1609 1057 1684 seu
1085 1605 1151 1683 alii
1178 1603 1358 1683 homines
1379 1605 1481 1683 diste
1500 1601 1591 1682 ville
1611 1620 1650 1681 et
1670 1602 1941 1684 suburbiorum
1961 1607 2133 1712 ejusdem

706 1729 755 1808 de
775 1721 964 1837 premissis
983 1727 1019 1806 se
1038 1754 1117 1806 non
1137 1727 1305 1806 debeant
1325 1727 1586 1807 intromittere
1606 1725 1787 1804 volumus
1804 1742 1934 1805 tamen
1956 1747 1996 1807 et
2014 1758 2129 1809 man-

707 1853 843 1932 damus
865 1852 972 1959 quod
991 1846 1195 1959 superbiis
1214 1850 1399 1930 omnibus
1420 1866 1460 1928 et
1475 1846 1634 1956 lingulis
1647 1848 1889 1928 Cancellario
1905 1849 2007 1929 diste
2023 1854 2130 1932 Uni·

701 1975 889 2056 versrtatis
917 1974 987 2082 qui
1024 2000 1096 2081 pro
1130 1991 1308 2081 tempore
1336 1972 1456 2053 fuerit
1484 1989 1643 2080 pareant
1678 1969 1883 2051 humiliter
1918 1991 1959 2052 et
1997 1975 2132 2055 inten-

543 2067 663 2174 §·44·
705 2097 801 2175 dant
912 2097 1040 2175 lraM
1060 2095 1107 2174 ad
1128 2110 1317 2175 terrorem
1338 2114 1376 2174 et
1406 2096 1619 2174 vindictam
1649 2094 1845 2173 malorum
1872 2121 1916 2172 ac
1945 2095 2133 2177 securita-

703 2234 855 2298 temet
886 2215 1073 2295 solacium
1100 2216 1295 2294 bonorum
1323 2216 1473 2295 ibidem
1501 2216 1799 2324 proficiencium
1830 2218 2054 2299 ordinamus
2090 2239 2132 2302 et

702 2339 957 2417 concedimus
992 2364 1064 2444 pro
1099 2336 1212 2415 nobis
1246 2355 1286 2414 et
1319 2335 1528 2415 heredibus
1560 2338 1697 2414 nostris
1726 2339 1833 2442 quod
1864 2341 2132 2421 Cancellarius

704 2462 807 2539 diste
836 2459 1106 2538 Univerfitatis
1133 2460 1202 2565 qui
1226 2484 1297 2566 pro
1316 2476 1494 2568 tempore
1512 2456 1631 2538 suerit
1650 2457 1810 2537 scolares
1836 2475 1876 2536 et
1904 2458 2022 2538 laicos
2049 2463 2129 2542 ibi·

701 2583 794 2663 dem
822 2600 959 2662 contra
986 2580 1127 2660 statuta
1155 2581 1423 2660 Universrtatis
1451 2607 1559 2660 arma
1583 2599 1780 2689 portantes
1799 2599 1839 2658 et
1857 2580 2133 2689 delinquentes
2238 2675 2246 2684 .

701 2731 772 2814 per
802 2705 1154 2784 incarceracionem
1185 2722 1226 2782 et
1253 2703 1345 2782 alias
1370 2703 1555 2811 castigare
1579 2703 1712 2783 debite
1731 2702 1854 2782 valeat
1873 2722 1913 2781 et
1932 2707 2070 2812 punire
2090 2725 2132 2788 et

700 2854 807 2907 arma
826 2853 905 2933 que
923 2827 974 2905 fic
993 2844 1128 2904 contra
1147 2824 1250 2903 dista
1269 2823 1409 2905 statuta
1427 2842 1578 2933 portata
1596 2825 1744 2904 fuerint
1762 2844 1808 2904 ut
1827 2825 1896 2904 fibi
1926 2828 2128 2908 commissa

699 2966 739 3029 et
752 2946 949 3027 forisfaoa
967 2946 1088 3026 modo
1102 2945 1287 3025 consueto
1306 2965 1438 3055 petere
1457 2973 1594 3054 capere
1613 2965 1653 3027 et
1674 2945 1818 3027 habere
1837 2975 1880 3027 ac
1899 2946 2125 3053 hujusmodi

698 3069 971 3178 delinquentes
999 3067 1209 3148 obstinatos
1238 3067 1304 3148 seu
1332 3066 1495 3147 rebelles
1522 3092 1657 3147 eoram
1684 3068 1790 3147 disto
1818 3071 2059 3150 Cancellario
2082 3073 2125 3152 in

696 3193 844 3272 casibus
864 3193 912 3271 ad
939 3192 1213 3301 cognicionem
1231 3192 1339 3271 suam
1359 3190 1620 3300 spectantibus
1637 3218 1863 3300 comparere
1881 3209 1920 3271 et
1932 3193 2014 3298 juri
2030 3193 2126 3274 stare

699 3342 781 3393 non
809 3331 987 3393 curantes
1019 3339 1041 3391 a
1064 3312 1178 3392 dietis
1206 3315 1464 3394 Univerfitate
1480 3331 1520 3394 et
1540 3313 1631 3394 villa
1647 3315 1807 3393 bannire
1826 3332 1865 3394 et
1881 3315 1971 3394 alias
1990 3337 2126 3396 contra

696 3462 761 3515 eos
792 3461 862 3544 per
888 3434 1065 3514 censuras
1091 3435 1361 3516 ecclesrasticas
1392 3436 1601 3545 procedere
1623 3455 1743 3545 prout
1761 3438 1803 3516 in
1823 3435 1970 3514 casibus
1989 3438 2125 3544 hujus-

537 3548 573 3654 δ·
593 3573 659 3658 45·
697 3558 807 3637 modi
827 3556 1057 3637 consuetum
1072 3557 1128 3636 est
1146 3557 1229 3638 fieri
1248 3560 1493 3667 temporibus
1513 3560 1712 3640 retroactis
1816 3551 1950 3637 Iren
1966 3585 2058 3637 cum
2074 3562 2123 3639 ad

698 3680 845 3758 dislam
873 3678 1178 3758 Univerfitatem
1203 3681 1250 3759 ad
1270 3707 1390 3789 quam
1410 3701 1492 3761 tam
1511 3681 1705 3762 nobilium
1735 3708 1855 3787 quam
1873 3681 2123 3788 popularium

698 3801 1006 3909 alienigenarum
1033 3816 1073 3880 et
1098 3801 1373 3909 indigenarum
1398 3802 1614 3884 multitudo
1632 3801 1797 3882 confluit
1815 3803 1978 3882 deceant
1998 3832 2118 3883 mun·

697 3925 800 4005 dicia
826 3941 867 4002 et
894 3919 1072 4003 honestas
1096 3923 1276 4004 volumus
1300 3927 1407 4034 quod
1427 3929 1569 4007 carerie
1588 3945 1628 4006 et
1646 3927 1723 4005 vici
1742 3925 1845 4003 diue
1864 3926 1979 4003 ville·
1997 3945 2037 4004 et
2058 3927 2122 4004 su-

695 4045 926 4126 burbiorum
966 4045 1138 4151 ejusdem
1173 4074 1196 4125 a
1222 4046 1326 4127 fimis
1355 4049 1531 4130 sordibus
1559 4067 1599 4129 et
1626 4046 1817 4127 fetoribus
1847 4047 1987 4126 mundi
2018 4041 2118 4126 'con-

695 4167 892 4248 serventur
919 4184 959 4247 et
987 4164 1137 4248 honesti
1158 4173 1297 4250 amotis
1318 4174 1465 4252 truncis
1485 4173 1602 4280 lignis
1622 4188 1662 4249 et
1681 4171 1765 4249 aliis
1788 4196 1860 4279 pro
1879 4169 2039 4249 transrtu
2067 4172 2119 4248 li·

693 4290 787 4370 bero
815 4287 1012 4369 honestate
1043 4309 1084 4371 et
1111 4294 1312 4372 mundicia
1339 4296 1527 4375 nocituris
1557 4312 1597 4373 et
1625 4293 1731 4400 quod
1760 4294 1983 4400 pavimenta
2017 4293 2121 4371 diste

692 4412 846 4492 ville'et
862 4411 1136 4493 suburbiorum
1155 4414 1325 4520 ejusdem
1344 4418 1495 4526 semper
1512 4433 1662 4496 comet
1680 4414 1749 4492 ubi
1765 4441 1862 4522 opus
1882 4412 2000 4493 suerit
2019 4440 2117 4492 con-

691 4562 787 4645 grue
806 4554 1031 4644 reparentur
1051 4554 1090 4616 et
1108 4538 1213 4645 quod
1235 4538 1500 4620 Caucellarius
1521 4541 1625 4620 diste
1644 4535 1915 4617 Universrtatis
1946 4537 2016 4643 qui
2043 4564 2117 4644 pro

1062 4773 1343 4837 ,VARIAE
1382 4775 1779 4841 LECTIONES.

723 4932 836 5011 'destant
852 4931 882 4992 iu
904 4931 979 4991 diu·
998 4932 1069 4994 villu
1087 4933 1174 4996 Oxou
1188 4949 1217 4998 et
1232 4934 1376 5000 suburbiis
1456 4941 1570 5012 'doses
1597 4953 1626 5002 et
1652 4936 1856 4999 suburbiorum
1890 4931 2030 5014 ejusdem.
2073 4931 2117 4997 H.

685 5022 822 5103 ejusdem.
842 5021 886 5084 H.
900 5022 952 5084 sol.
967 5039 1018 5103 75.
1418 5027 1470 5088 sol.
1487 5045 1539 5107 75,

1936 5123 2117 5216 tempore
