<?xml version="1.0" encoding="UTF-8"?>
<!DOCTYPE html PUBLIC "-//W3C//DTD XHTML 1.0 Transitional//EN"
    "http://www.w3.org/TR/xhtml1/DTD/xhtml1-transitional.dtd">
<html xmlns="http://www.w3.org/1999/xhtml" xml:lang="en" lang="en">
 <head>
  <title>
</title>
<meta http-equiv="Content-Type" content="text/html;charset=utf-8" />
  <meta name='ocr-system' content='tesseract 3.04.00' />
  <meta name='ocr-capabilities' content='ocr_page ocr_carea ocr_par ocr_line ocrx_word'/>
</head>
<body>
  <div class='ocr_page' id='page_1' title='image "./registrumprivil00oxfogoog_0061.png"; bbox 0 0 5118 6544; ppageno 0'>
   <div class='ocr_carea' id='block_1_1' title="bbox 1055 625 1741 740">
    <p class='ocr_par' dir='ltr' id='par_1_1' title="bbox 1055 625 1741 740">
     <span class='ocr_line' id='line_1_1' title="bbox 1055 625 1741 740; baseline 0.004 -24"><span class='ocrx_word' id='word_1_1' title='bbox 1055 625 1741 740; x_wconf 64' lang='lat' dir='ltr'>charnac.</span> 
     </span>
    </p>
   </div>
   <div class='ocr_carea' id='block_1_2' title="bbox 505 783 2120 3228">
    <p class='ocr_par' dir='ltr' id='par_1_2' title="bbox 505 783 2120 3228">
     <span class='ocr_line' id='line_1_2' title="bbox 696 783 2120 912; baseline 0.004 -31"><span class='ocrx_word' id='word_1_2' title='bbox 696 829 829 881; x_wconf 87' lang='lat' dir='ltr'>earum</span> <span class='ocrx_word' id='word_1_3' title='bbox 858 783 1111 882; x_wconf 33' lang='lat' dir='ltr'>infra&#39;dccem</span> <span class='ocrx_word' id='word_1_4' title='bbox 1131 804 1310 882; x_wconf 87' lang='lat' dir='ltr'>milliaria</span> <span class='ocrx_word' id='word_1_5' title='bbox 1325 805 1427 882; x_wconf 89' lang='lat' dir='ltr'>circa</span> <span class='ocrx_word' id='word_1_6' title='bbox 1441 787 1565 881; x_wconf 52' lang='lat' dir='ltr'>xOnon</span> <span class='ocrx_word' id='word_1_7' title='bbox 1582 819 1848 882; x_wconf 87' lang='lat' dir='ltr'>commoretur</span> <span class='ocrx_word' id='word_1_8' title='bbox 1864 801 1970 912; x_wconf 92' lang='lat' dir='ltr'>quod</span> <span class='ocrx_word' id='word_1_9' title='bbox 1991 804 2120 886; x_wconf 88' lang='lat' dir='ltr'>domi-</span> 
     </span>
     <span class='ocr_line' id='line_1_3' title="bbox 696 922 2120 1035; baseline 0.002 -31"><span class='ocrx_word' id='word_1_10' title='bbox 696 951 769 1004; x_wconf 90' lang='lat' dir='ltr'>nus</span> <span class='ocrx_word' id='word_1_11' title='bbox 788 924 865 1002; x_wconf 92' lang='lat' dir='ltr'>loci</span> <span class='ocrx_word' id='word_1_12' title='bbox 886 925 959 1003; x_wconf 89' lang='lat' dir='ltr'>five</span> <span class='ocrx_word' id='word_1_13' title='bbox 978 922 1235 1004; x_wconf 80' lang='lat' dir='ltr'>habitacionis</span> <span class='ocrx_word' id='word_1_14' title='bbox 1261 927 1423 1031; x_wconf 89' lang='lat' dir='ltr'>alicujus</span> <span class='ocrx_word' id='word_1_15' title='bbox 1445 926 1620 1004; x_wconf 90' lang='lat' dir='ltr'>mulieris</span> <span class='ocrx_word' id='word_1_16' title='bbox 1641 927 1800 1005; x_wconf 88' lang='lat' dir='ltr'>bannite</span> <span class='ocrx_word' id='word_1_17' title='bbox 1822 945 1887 1005; x_wconf 90' lang='lat' dir='ltr'>aut</span> <span class='ocrx_word' id='word_1_18' title='bbox 1907 927 2024 1035; x_wconf 87' lang='lat' dir='ltr'>ipfius</span> <span class='ocrx_word' id='word_1_19' title='bbox 2048 929 2120 1007; x_wconf 92' lang='lat' dir='ltr'>do·</span> 
     </span>
     <span class='ocr_line' id='line_1_4' title="bbox 696 1046 2120 1158; baseline 0.002 -31"><span class='ocrx_word' id='word_1_20' title='bbox 696 1047 796 1127; x_wconf 90' lang='lat' dir='ltr'>mini</span> <span class='ocrx_word' id='word_1_21' title='bbox 816 1046 1022 1152; x_wconf 88' lang='lat' dir='ltr'>deputatus</span> <span class='ocrx_word' id='word_1_22' title='bbox 1052 1048 1161 1155; x_wconf 87' lang='lat' dir='ltr'>super</span> <span class='ocrx_word' id='word_1_23' title='bbox 1194 1048 1491 1154; x_wconf 87' lang='lat' dir='ltr'>premunicione</span> <span class='ocrx_word' id='word_1_24' title='bbox 1520 1047 1743 1152; x_wconf 89' lang='lat' dir='ltr'>hujusmodi</span> <span class='ocrx_word' id='word_1_25' title='bbox 1772 1050 2015 1129; x_wconf 89' lang='lat' dir='ltr'>bannicionis</span> <span class='ocrx_word' id='word_1_26' title='bbox 2050 1079 2120 1158; x_wconf 89' lang='lat' dir='ltr'>per</span> 
     </span>
     <span class='ocr_line' id='line_1_5' title="bbox 697 1169 2119 1276; baseline 0.004 -29"><span class='ocrx_word' id='word_1_27' title='bbox 697 1169 985 1247; x_wconf 89' lang='lat' dir='ltr'>Cancellarium</span> <span class='ocrx_word' id='word_1_28' title='bbox 1017 1169 1119 1246; x_wconf 67' lang='lat' dir='ltr'>dicte</span> <span class='ocrx_word' id='word_1_29' title='bbox 1152 1170 1420 1248; x_wconf 88' lang='lat' dir='ltr'>Univerfitatis</span> <span class='ocrx_word' id='word_1_30' title='bbox 1456 1196 1528 1276; x_wconf 93' lang='lat' dir='ltr'>pro</span> <span class='ocrx_word' id='word_1_31' title='bbox 1562 1187 1738 1276; x_wconf 89' lang='lat' dir='ltr'>tempore</span> <span class='ocrx_word' id='word_1_32' title='bbox 1777 1171 2010 1253; x_wconf 87' lang='lat' dir='ltr'>existentem</span> <span class='ocrx_word' id='word_1_33' title='bbox 2048 1172 2119 1252; x_wconf 87' lang='lat' dir='ltr'>fibi</span> 
     </span>
     <span class='ocr_line' id='line_1_6' title="bbox 694 1290 2119 1400; baseline 0.002 -30"><span class='ocrx_word' id='word_1_34' title='bbox 694 1290 839 1370; x_wconf 72' lang='lat' dir='ltr'>factam</span> <span class='ocrx_word' id='word_1_35' title='bbox 859 1291 1001 1369; x_wconf 68' lang='lat' dir='ltr'>dictam</span> <span class='ocrx_word' id='word_1_36' title='bbox 1023 1291 1225 1371; x_wconf 88' lang='lat' dir='ltr'>bannitam</span> <span class='ocrx_word' id='word_1_37' title='bbox 1245 1292 1472 1399; x_wconf 90' lang='lat' dir='ltr'>imprisonet</span> <span class='ocrx_word' id='word_1_38' title='bbox 1491 1310 1531 1369; x_wconf 92' lang='lat' dir='ltr'>et</span> <span class='ocrx_word' id='word_1_39' title='bbox 1550 1291 1633 1398; x_wconf 91' lang='lat' dir='ltr'>post</span> <span class='ocrx_word' id='word_1_40' title='bbox 1647 1290 1870 1397; x_wconf 88' lang='lat' dir='ltr'>hujusmodi</span> <span class='ocrx_word' id='word_1_41' title='bbox 1886 1294 2119 1400; x_wconf 90' lang='lat' dir='ltr'>imprisona-</span> 
     </span>
     <span class='ocr_line' id='line_1_7' title="bbox 505 1405 2118 1523; baseline 0.006 -39"><span class='ocrx_word' id='word_1_42' title='bbox 505 1410 542 1508; x_wconf 58' lang='grc' dir='ltr'>ᾗ.</span> <span class='ocrx_word' id='word_1_43' title='bbox 566 1405 651 1486; x_wconf 89' lang='lat'>106.</span> <span class='ocrx_word' id='word_1_44' title='bbox 692 1432 874 1492; x_wconf 90' lang='lat' dir='ltr'>mentum</span> <span class='ocrx_word' id='word_1_45' title='bbox 890 1441 976 1491; x_wconf 91' lang='lat' dir='ltr'>eam</span> <span class='ocrx_word' id='word_1_46' title='bbox 997 1415 1211 1492; x_wconf 85' lang='lat' dir='ltr'>adominio</span> <span class='ocrx_word' id='word_1_47' title='bbox 1229 1414 1299 1493; x_wconf 93' lang='lat' dir='ltr'>illo</span> <span class='ocrx_word' id='word_1_48' title='bbox 1314 1413 1483 1523; x_wconf 86' lang='lat' dir='ltr'>expellat</span> <span class='ocrx_word' id='word_1_49' title='bbox 1507 1432 1546 1491; x_wconf 89' lang='lat' dir='ltr'>et</span> <span class='ocrx_word' id='word_1_50' title='bbox 1570 1433 1747 1494; x_wconf 86' lang='lat' dir='ltr'>amoveat</span> <span class='ocrx_word' id='word_1_51' title='bbox 1857 1416 2027 1518; x_wconf 75' lang='lat' dir='ltr'>anrtn</span> <span class='ocrx_word' id='word_1_52' title='bbox 2045 1443 2118 1494; x_wconf 91' lang='lat' dir='ltr'>vo-</span> 
     </span>
     <span class='ocr_line' id='line_1_8' title="bbox 692 1525 2118 1645; baseline 0.002 -31"><span class='ocrx_word' id='word_1_53' title='bbox 692 1538 823 1614; x_wconf 92' lang='lat' dir='ltr'>lumus</span> <span class='ocrx_word' id='word_1_54' title='bbox 850 1554 888 1612; x_wconf 93' lang='lat' dir='ltr'>et</span> <span class='ocrx_word' id='word_1_55' title='bbox 908 1525 1071 1613; x_wconf 89' lang='lat' dir='ltr'>firmiter</span> <span class='ocrx_word' id='word_1_56' title='bbox 1091 1538 1326 1644; x_wconf 86' lang='lat' dir='ltr'><strong>precipimus</strong></span> <span class='ocrx_word' id='word_1_57' title='bbox 1350 1564 1421 1644; x_wconf 91' lang='lat' dir='ltr'>pro</span> <span class='ocrx_word' id='word_1_58' title='bbox 1443 1538 1556 1614; x_wconf 89' lang='lat' dir='ltr'>nobis</span> <span class='ocrx_word' id='word_1_59' title='bbox 1576 1554 1615 1613; x_wconf 92' lang='lat' dir='ltr'>et</span> <span class='ocrx_word' id='word_1_60' title='bbox 1633 1533 1841 1616; x_wconf 88' lang='lat' dir='ltr'>heredibus</span> <span class='ocrx_word' id='word_1_61' title='bbox 1858 1537 1993 1616; x_wconf 91' lang='lat' dir='ltr'>nostris</span> <span class='ocrx_word' id='word_1_62' title='bbox 2010 1539 2118 1645; x_wconf 90' lang='lat' dir='ltr'>quod</span> 
     </span>
     <span class='ocr_line' id='line_1_9' title="bbox 693 1656 2116 1767; baseline 0.001 -32"><span class='ocrx_word' id='word_1_63' title='bbox 693 1656 833 1767; x_wconf 90' lang='lat' dir='ltr'>prefati</span> <span class='ocrx_word' id='word_1_64' title='bbox 851 1656 1112 1735; x_wconf 89' lang='lat' dir='ltr'>Cancellarius</span> <span class='ocrx_word' id='word_1_65' title='bbox 1134 1659 1303 1737; x_wconf 89' lang='lat' dir='ltr'>Scolares</span> <span class='ocrx_word' id='word_1_66' title='bbox 1320 1677 1359 1735; x_wconf 91' lang='lat' dir='ltr'>et</span> <span class='ocrx_word' id='word_1_67' title='bbox 1377 1686 1512 1736; x_wconf 89' lang='lat' dir='ltr'>eorum</span> <span class='ocrx_word' id='word_1_68' title='bbox 1528 1657 1753 1736; x_wconf 69' lang='lat' dir='ltr'>successores</span> <span class='ocrx_word' id='word_1_69' title='bbox 1770 1658 1965 1737; x_wconf 87' lang='lat' dir='ltr'>libertates</span> <span class='ocrx_word' id='word_1_70' title='bbox 1983 1678 2021 1738; x_wconf 91' lang='lat' dir='ltr'>et</span> <span class='ocrx_word' id='word_1_71' title='bbox 2034 1663 2116 1766; x_wconf 91' lang='lat' dir='ltr'>pri-</span> 
     </span>
     <span class='ocr_line' id='line_1_10' title="bbox 691 1779 2115 1888; baseline 0.002 -31"><span class='ocrx_word' id='word_1_72' title='bbox 691 1781 832 1886; x_wconf 87' lang='lat' dir='ltr'>vilegia</span> <span class='ocrx_word' id='word_1_73' title='bbox 862 1779 1034 1887; x_wconf 76' lang='lat' dir='ltr'>predidla</span> <span class='ocrx_word' id='word_1_74' title='bbox 1062 1779 1230 1857; x_wconf 89' lang='lat' dir='ltr'>habeant</span> <span class='ocrx_word' id='word_1_75' title='bbox 1250 1801 1288 1859; x_wconf 93' lang='lat' dir='ltr'>et</span> <span class='ocrx_word' id='word_1_76' title='bbox 1313 1799 1470 1859; x_wconf 88' lang='lat' dir='ltr'>teneant</span> <span class='ocrx_word' id='word_1_77' title='bbox 1492 1780 1561 1859; x_wconf 88' lang='lat' dir='ltr'>fibi</span> <span class='ocrx_word' id='word_1_78' title='bbox 1581 1798 1620 1858; x_wconf 88' lang='lat' dir='ltr'>et</span> <span class='ocrx_word' id='word_1_79' title='bbox 1643 1780 1917 1860; x_wconf 72' lang='lat' dir='ltr'>successoribus</span> <span class='ocrx_word' id='word_1_80' title='bbox 1935 1782 2009 1859; x_wconf 89' lang='lat' dir='ltr'>suis</span> <span class='ocrx_word' id='word_1_81' title='bbox 2025 1809 2115 1888; x_wconf 88' lang='lat' dir='ltr'>pre·</span> 
     </span>
     <span class='ocr_line' id='line_1_11' title="bbox 691 1901 2114 2009; baseline 0 -28"><span class='ocrx_word' id='word_1_82' title='bbox 691 1904 805 1981; x_wconf 73' lang='lat' dir='ltr'>dietis</span> <span class='ocrx_word' id='word_1_83' title='bbox 825 1902 1010 1980; x_wconf 88' lang='lat' dir='ltr'>informa</span> <span class='ocrx_word' id='word_1_84' title='bbox 1030 1901 1201 2009; x_wconf 73' lang='lat' dir='ltr'>predidla</span> <span class='ocrx_word' id='word_1_85' title='bbox 1226 1921 1265 1981; x_wconf 93' lang='lat' dir='ltr'>et</span> <span class='ocrx_word' id='word_1_86' title='bbox 1291 1903 1435 1981; x_wconf 86' lang='lat' dir='ltr'>eisdem</span> <span class='ocrx_word' id='word_1_87' title='bbox 1457 1902 1573 2008; x_wconf 87' lang='lat' dir='ltr'>plene</span> <span class='ocrx_word' id='word_1_88' title='bbox 1591 1903 1785 2009; x_wconf 88' lang='lat' dir='ltr'>gaudeant</span> <span class='ocrx_word' id='word_1_89' title='bbox 1804 1921 1842 1981; x_wconf 92' lang='lat' dir='ltr'>et</span> <span class='ocrx_word' id='word_1_90' title='bbox 1862 1923 2021 1982; x_wconf 87' lang='lat' dir='ltr'>utantur</span> <span class='ocrx_word' id='word_1_91' title='bbox 2036 1905 2114 1981; x_wconf 90' lang='lat' dir='ltr'>im-</span> 
     </span>
     <span class='ocr_line' id='line_1_12' title="bbox 690 2023 2115 2132; baseline 0 -30"><span class='ocrx_word' id='word_1_92' title='bbox 690 2043 924 2132; x_wconf 90' lang='lat' dir='ltr'>perpetuum</span> <span class='ocrx_word' id='word_1_93' title='bbox 953 2025 1030 2103; x_wconf 90' lang='lat' dir='ltr'>sme</span> <span class='ocrx_word' id='word_1_94' title='bbox 1061 2024 1259 2102; x_wconf 89' lang='lat' dir='ltr'>occafione</span> <span class='ocrx_word' id='word_1_95' title='bbox 1292 2026 1352 2103; x_wconf 91' lang='lat' dir='ltr'>vel</span> <span class='ocrx_word' id='word_1_96' title='bbox 1380 2025 1665 2131; x_wconf 89' lang='lat' dir='ltr'>impedimento</span> <span class='ocrx_word' id='word_1_97' title='bbox 1694 2023 1812 2104; x_wconf 87' lang='lat' dir='ltr'>nostri</span> <span class='ocrx_word' id='word_1_98' title='bbox 1837 2026 1898 2103; x_wconf 93' lang='lat' dir='ltr'>vel</span> <span class='ocrx_word' id='word_1_99' title='bbox 1924 2023 2115 2104; x_wconf 88' lang='lat' dir='ltr'>heredum</span> 
     </span>
     <span class='ocr_line' id='line_1_13' title="bbox 688 2146 2113 2249; baseline 0.001 -25"><span class='ocrx_word' id='word_1_100' title='bbox 688 2148 906 2225; x_wconf 89' lang='lat' dir='ltr'>nostrorum</span> <span class='ocrx_word' id='word_1_101' title='bbox 923 2146 1235 2249; x_wconf 87' lang='lat' dir='ltr'>Justiciariorum</span> <span class='ocrx_word' id='word_1_102' title='bbox 1261 2147 1514 2226; x_wconf 88' lang='lat' dir='ltr'>Escaetorum</span> <span class='ocrx_word' id='word_1_103' title='bbox 1531 2148 1824 2225; x_wconf 90' lang='lat' dir='ltr'>Viceeomitum</span> <span class='ocrx_word' id='word_1_104' title='bbox 1853 2166 1919 2226; x_wconf 88' lang='lat' dir='ltr'>aut</span> <span class='ocrx_word' id='word_1_105' title='bbox 1949 2148 2113 2226; x_wconf 92' lang='lat' dir='ltr'>aliorum</span> 
     </span>
     <span class='ocr_line' id='line_1_14' title="bbox 688 2267 2114 2349; baseline 0 -3"><span class='ocrx_word' id='word_1_106' title='bbox 688 2268 921 2346; x_wconf 85' lang='lat' dir='ltr'>ballivorum</span> <span class='ocrx_word' id='word_1_107' title='bbox 951 2267 1014 2346; x_wconf 85' lang='lat' dir='ltr'>seu</span> <span class='ocrx_word' id='word_1_108' title='bbox 1045 2268 1311 2346; x_wconf 88' lang='lat' dir='ltr'>ministrorum</span> <span class='ocrx_word' id='word_1_109' title='bbox 1341 2269 1558 2347; x_wconf 90' lang='lat' dir='ltr'>nostrorum</span> <span class='ocrx_word' id='word_1_110' title='bbox 1588 2268 1649 2348; x_wconf 89' lang='lat' dir='ltr'>vel</span> <span class='ocrx_word' id='word_1_111' title='bbox 1678 2267 1866 2348; x_wconf 91' lang='lat' dir='ltr'>heredum</span> <span class='ocrx_word' id='word_1_112' title='bbox 1895 2271 2114 2349; x_wconf 91' lang='lat' dir='ltr'>nostrorum</span> 
     </span>
     <span class='ocr_line' id='line_1_15' title="bbox 688 2389 2111 2496; baseline -0.001 -27"><span class='ocrx_word' id='word_1_113' title='bbox 688 2416 1030 2496; x_wconf 89' lang='lat' dir='ltr'>quorumcumque</span> <span class='ocrx_word' id='word_1_114' title='bbox 1140 2390 1248 2466; x_wconf 88' lang='lat' dir='ltr'>Hrrs</span> <span class='ocrx_word' id='word_1_115' title='bbox 1273 2390 1431 2469; x_wconf 89' lang='lat' dir='ltr'>testibus</span> <span class='ocrx_word' id='word_1_116' title='bbox 1450 2389 1732 2468; x_wconf 89' lang='lat' dir='ltr'>venerabilibus</span> <span class='ocrx_word' id='word_1_117' title='bbox 1752 2393 1792 2466; x_wconf 93' lang='lat' dir='ltr'>in</span> <span class='ocrx_word' id='word_1_118' title='bbox 1815 2389 1969 2468; x_wconf 87' lang='lat' dir='ltr'>Christo</span> <span class='ocrx_word' id='word_1_119' title='bbox 1989 2395 2111 2495; x_wconf 89' lang='lat' dir='ltr'>patri-</span> 
     </span>
     <span class='ocr_line' id='line_1_16' title="bbox 688 2509 2110 2618; baseline -0.001 -28"><span class='ocrx_word' id='word_1_120' title='bbox 688 2512 761 2590; x_wconf 84' lang='lat' dir='ltr'>bus</span> <span class='ocrx_word' id='word_1_121' title='bbox 790 2510 950 2590; x_wconf 93' lang='lat' dir='ltr'>Thoma</span> <span class='ocrx_word' id='word_1_122' title='bbox 970 2515 1151 2589; x_wconf 86' lang='lat' dir='ltr'>Cantuar’</span> <span class='ocrx_word' id='word_1_123' title='bbox 1172 2529 1210 2590; x_wconf 92' lang='lat' dir='ltr'>et</span> <span class='ocrx_word' id='word_1_124' title='bbox 1233 2513 1289 2589; x_wconf 92' lang='lat' dir='ltr'>W</span> <span class='ocrx_word' id='word_1_125' title='bbox 1311 2513 1428 2589; x_wconf 89' lang='lat' dir='ltr'>Ebor&#39;</span> <span class='ocrx_word' id='word_1_126' title='bbox 1448 2511 1760 2618; x_wconf 85' lang='lat' dir='ltr'>Archiepiscopis</span> <span class='ocrx_word' id='word_1_127' title='bbox 1823 2509 1983 2590; x_wconf 89' lang='lat' dir='ltr'>Thoma</span> <span class='ocrx_word' id='word_1_128' title='bbox 2000 2511 2110 2589; x_wconf 89' lang='lat' dir='ltr'>Lon-</span> 
     </span>
     <span class='ocr_line' id='line_1_17' title="bbox 686 2631 2112 2746; baseline -0.001 -34"><span class='ocrx_word' id='word_1_129' title='bbox 686 2635 776 2712; x_wconf 90' lang='lat' dir='ltr'>don’</span> <span class='ocrx_word' id='word_1_130' title='bbox 797 2652 835 2713; x_wconf 88' lang='lat' dir='ltr'>et</span> <span class='ocrx_word' id='word_1_131' title='bbox 856 2636 895 2712; x_wconf 93' lang='lat' dir='ltr'>G</span> <span class='ocrx_word' id='word_1_132' title='bbox 913 2637 1040 2712; x_wconf 87' lang='lat' dir='ltr'>Exon&#39;</span> <span class='ocrx_word' id='word_1_133' title='bbox 1062 2633 1303 2712; x_wconf 87' lang='lat' dir='ltr'>Cancellario</span> <span class='ocrx_word' id='word_1_134' title='bbox 1322 2633 1450 2713; x_wconf 90' lang='lat' dir='ltr'>nostro</span> <span class='ocrx_word' id='word_1_135' title='bbox 1470 2635 1614 2739; x_wconf 86' lang='lat' dir='ltr'>Anglie</span> <span class='ocrx_word' id='word_1_136' title='bbox 1630 2633 1830 2739; x_wconf 82' lang='lat' dir='ltr'>Episcopis</span> <span class='ocrx_word' id='word_1_137' title='bbox 1848 2631 2112 2746; x_wconf 78' lang='lat' dir='ltr'>Precariffimp</span> 
     </span>
     <span class='ocr_line' id='line_1_18' title="bbox 685 2753 2113 2862; baseline 0 -29"><span class='ocrx_word' id='word_1_138' title='bbox 685 2755 802 2836; x_wconf 85' lang='lat' dir='ltr'>fratre</span> <span class='ocrx_word' id='word_1_139' title='bbox 824 2758 952 2836; x_wconf 90' lang='lat' dir='ltr'>nostro</span> <span class='ocrx_word' id='word_1_140' title='bbox 973 2757 1145 2862; x_wconf 90' lang='lat' dir='ltr'>Georgio</span> <span class='ocrx_word' id='word_1_141' title='bbox 1163 2756 1363 2834; x_wconf 89' lang='lat' dir='ltr'>Clarancie</span> <span class='ocrx_word' id='word_1_142' title='bbox 1383 2775 1422 2834; x_wconf 92' lang='lat' dir='ltr'>et</span> <span class='ocrx_word' id='word_1_143' title='bbox 1450 2755 1641 2834; x_wconf 86' lang='lat' dir='ltr'>cariffimo</span> <span class='ocrx_word' id='word_1_144' title='bbox 1669 2755 1953 2860; x_wconf 91' lang='lat' dir='ltr'>consanguineo</span> <span class='ocrx_word' id='word_1_145' title='bbox 1982 2753 2113 2834; x_wconf 90' lang='lat' dir='ltr'>nostro</span> 
     </span>
     <span class='ocr_line' id='line_1_19' title="bbox 686 2875 2108 2982; baseline 0 -26"><span class='ocrx_word' id='word_1_146' title='bbox 686 2877 863 2982; x_wconf 88' lang='lat' dir='ltr'>Johanne</span> <span class='ocrx_word' id='word_1_147' title='bbox 895 2876 1100 2958; x_wconf 89' lang='lat' dir='ltr'>Norfolcie</span> <span class='ocrx_word' id='word_1_148' title='bbox 1135 2878 1315 2956; x_wconf 90' lang='lat' dir='ltr'>Ducibus</span> <span class='ocrx_word' id='word_1_149' title='bbox 1345 2905 1388 2956; x_wconf 91' lang='lat' dir='ltr'>ac</span> <span class='ocrx_word' id='word_1_150' title='bbox 1420 2877 1618 2955; x_wconf 87' lang='lat' dir='ltr'>cariffimis</span> <span class='ocrx_word' id='word_1_151' title='bbox 1648 2875 1942 2982; x_wconf 86' lang='lat' dir='ltr'>consanguineis</span> <span class='ocrx_word' id='word_1_152' title='bbox 1972 2876 2108 2956; x_wconf 88' lang='lat' dir='ltr'>nostris</span> 
     </span>
     <span class='ocr_line' id='line_1_20' title="bbox 685 2996 2109 3106; baseline -0.003 -28"><span class='ocrx_word' id='word_1_153' title='bbox 685 3000 886 3079; x_wconf 90' lang='lat' dir='ltr'>Richardo</span> <span class='ocrx_word' id='word_1_154' title='bbox 916 3003 1086 3080; x_wconf 89' lang='lat' dir='ltr'>Warrw’</span> <span class='ocrx_word' id='word_1_155' title='bbox 1107 3016 1147 3076; x_wconf 89' lang='lat' dir='ltr'>et</span> <span class='ocrx_word' id='word_1_156' title='bbox 1175 3000 1351 3077; x_wconf 90' lang='lat' dir='ltr'>Henrico</span> <span class='ocrx_word' id='word_1_157' title='bbox 1380 2999 1505 3076; x_wconf 85' lang='lat' dir='ltr'>Effex’</span> <span class='ocrx_word' id='word_1_158' title='bbox 1538 2996 1796 3077; x_wconf 88' lang='lat' dir='ltr'>Thesaurario</span> <span class='ocrx_word' id='word_1_159' title='bbox 1815 2999 1943 3077; x_wconf 92' lang='lat' dir='ltr'>nostro</span> <span class='ocrx_word' id='word_1_160' title='bbox 1962 2999 2109 3106; x_wconf 90' lang='lat' dir='ltr'>Anglie</span> 
     </span>
     <span class='ocr_line' id='line_1_21' title="bbox 685 3118 2108 3228; baseline -0.003 -26"><span class='ocrx_word' id='word_1_161' title='bbox 685 3125 909 3202; x_wconf 88' lang='lat' dir='ltr'>Comitibus</span> <span class='ocrx_word' id='word_1_162' title='bbox 930 3121 1171 3228; x_wconf 68' lang='lat' dir='ltr'>Diledlisque</span> <span class='ocrx_word' id='word_1_163' title='bbox 1191 3141 1230 3200; x_wconf 92' lang='lat' dir='ltr'>et</span> <span class='ocrx_word' id='word_1_164' title='bbox 1249 3120 1430 3199; x_wconf 90' lang='lat' dir='ltr'>fidelibus</span> <span class='ocrx_word' id='word_1_165' title='bbox 1450 3118 1586 3198; x_wconf 90' lang='lat' dir='ltr'>nostris</span> <span class='ocrx_word' id='word_1_166' title='bbox 1606 3120 1802 3200; x_wconf 88' lang='lat' dir='ltr'>Edwardo</span> <span class='ocrx_word' id='word_1_167' title='bbox 1822 3120 1870 3197; x_wconf 91' lang='lat' dir='ltr'>de</span> <span class='ocrx_word' id='word_1_168' title='bbox 1886 3121 2108 3226; x_wconf 88' lang='lat' dir='ltr'>Bergeven-</span> 
     </span>
    </p>
   </div>
   <div class='ocr_carea' id='block_1_3' title="bbox 683 3241 2109 3714">
    <p class='ocr_par' dir='ltr' id='par_1_3' title="bbox 683 3241 2109 3714">
     <span class='ocr_line' id='line_1_22' title="bbox 685 3241 2107 3352; baseline -0.002 -28"><span class='ocrx_word' id='word_1_169' title='bbox 685 3274 760 3352; x_wconf 92' lang='lat' dir='ltr'>ney</span> <span class='ocrx_word' id='word_1_170' title='bbox 780 3244 959 3349; x_wconf 77' lang='lat' dir='ltr'>johanne</span> <span class='ocrx_word' id='word_1_171' title='bbox 980 3244 1115 3323; x_wconf 92' lang='lat' dir='ltr'>Nevill</span> <span class='ocrx_word' id='word_1_172' title='bbox 1135 3245 1183 3322; x_wconf 92' lang='lat' dir='ltr'>de</span> <span class='ocrx_word' id='word_1_173' title='bbox 1203 3245 1346 3323; x_wconf 91' lang='lat' dir='ltr'>Monte</span> <span class='ocrx_word' id='word_1_174' title='bbox 1367 3261 1481 3322; x_wconf 91' lang='lat' dir='ltr'>acuto</span> <span class='ocrx_word' id='word_1_175' title='bbox 1501 3241 1702 3320; x_wconf 90' lang='lat' dir='ltr'>Militibus</span> <span class='ocrx_word' id='word_1_176' title='bbox 1723 3269 1876 3321; x_wconf 91' lang='lat' dir='ltr'>necnon</span> <span class='ocrx_word' id='word_1_177' title='bbox 1907 3243 2048 3321; x_wconf 75' lang='lat' dir='ltr'>dilecto</span> <span class='ocrx_word' id='word_1_178' title='bbox 2067 3260 2107 3321; x_wconf 88' lang='lat' dir='ltr'>et</span> 
     </span>
     <span class='ocr_line' id='line_1_23' title="bbox 683 3363 2109 3472; baseline -0.002 -27"><span class='ocrx_word' id='word_1_179' title='bbox 683 3367 788 3448; x_wconf 88' lang='lat' dir='ltr'>fideli</span> <span class='ocrx_word' id='word_1_180' title='bbox 816 3368 969 3447; x_wconf 91' lang='lat' dir='ltr'>Clerico</span> <span class='ocrx_word' id='word_1_181' title='bbox 997 3368 1126 3446; x_wconf 89' lang='lat' dir='ltr'>nostro</span> <span class='ocrx_word' id='word_1_182' title='bbox 1153 3368 1329 3446; x_wconf 84' lang='lat' dir='ltr'>Roberto</span> <span class='ocrx_word' id='word_1_183' title='bbox 1360 3366 1620 3472; x_wconf 90' lang='lat' dir='ltr'>Styllyngton&#39;</span> <span class='ocrx_word' id='word_1_184' title='bbox 1649 3363 1818 3442; x_wconf 88' lang='lat' dir='ltr'>Custode</span> <span class='ocrx_word' id='word_1_185' title='bbox 1836 3365 1977 3472; x_wconf 86' lang='lat' dir='ltr'>privati</span> <span class='ocrx_word' id='word_1_186' title='bbox 1996 3364 2109 3472; x_wconf 79' lang='lat' dir='ltr'>sigilli</span> 
     </span>
     <span class='ocr_line' id='line_1_24' title="bbox 685 3484 2106 3597; baseline -0.001 -30"><span class='ocrx_word' id='word_1_187' title='bbox 685 3491 803 3569; x_wconf 90' lang='lat' dir='ltr'>nostri</span> <span class='ocrx_word' id='word_1_188' title='bbox 835 3508 874 3567; x_wconf 91' lang='lat' dir='ltr'>et</span> <span class='ocrx_word' id='word_1_189' title='bbox 900 3491 984 3569; x_wconf 90' lang='lat' dir='ltr'>aliis</span> <span class='ocrx_word' id='word_1_190' title='bbox 1106 3491 1197 3568; x_wconf 87' lang='lat' dir='ltr'>Dat’</span> <span class='ocrx_word' id='word_1_191' title='bbox 1217 3517 1286 3597; x_wconf 91' lang='lat' dir='ltr'>per</span> <span class='ocrx_word' id='word_1_192' title='bbox 1305 3516 1468 3569; x_wconf 85' lang='lat' dir='ltr'>manum</span> <span class='ocrx_word' id='word_1_193' title='bbox 1487 3484 1654 3566; x_wconf 88' lang='lat' dir='ltr'>nostram</span> <span class='ocrx_word' id='word_1_194' title='bbox 1674 3484 1777 3591; x_wconf 90' lang='lat' dir='ltr'>apud</span> <span class='ocrx_word' id='word_1_195' title='bbox 1797 3486 1996 3564; x_wconf 88' lang='lat' dir='ltr'>Palacium</span> <span class='ocrx_word' id='word_1_196' title='bbox 2015 3486 2106 3566; x_wconf 91' lang='lat' dir='ltr'>nos·</span> 
     </span>
     <span class='ocr_line' id='line_1_25' title="bbox 685 3607 2050 3714; baseline -0.004 -24"><span class='ocrx_word' id='word_1_197' title='bbox 685 3631 792 3691; x_wconf 89' lang='lat' dir='ltr'>trum</span> <span class='ocrx_word' id='word_1_198' title='bbox 819 3610 1153 3692; x_wconf 86' lang='lat' dir='ltr'>Westmonasterii</span> <span class='ocrx_word' id='word_1_199' title='bbox 1181 3615 1302 3693; x_wconf 91' lang='lat' dir='ltr'>tercio</span> <span class='ocrx_word' id='word_1_200' title='bbox 1321 3613 1384 3691; x_wconf 88' lang='lat' dir='ltr'>die</span> <span class='ocrx_word' id='word_1_201' title='bbox 1403 3609 1501 3714; x_wconf 88' lang='lat' dir='ltr'>Julii</span> <span class='ocrx_word' id='word_1_202' title='bbox 1519 3612 1639 3686; x_wconf 91' lang='lat' dir='ltr'>Anno</span> <span class='ocrx_word' id='word_1_203' title='bbox 1655 3609 1764 3714; x_wconf 88' lang='lat' dir='ltr'>regni</span> <span class='ocrx_word' id='word_1_204' title='bbox 1783 3607 1901 3686; x_wconf 85' lang='lat' dir='ltr'>nostri</span> <span class='ocrx_word' id='word_1_205' title='bbox 1920 3609 2050 3714; x_wconf 90' lang='lat' dir='ltr'>primo</span> 
     </span>
    </p>
   </div>
   <div class='ocr_carea' id='block_1_4' title="bbox 1478 3785 2064 3931">
    <p class='ocr_par' dir='ltr' id='par_1_4' title="bbox 1478 3785 2064 3931">
     <span class='ocr_line' id='line_1_26' title="bbox 1478 3785 2064 3864; baseline 0.005 -19"><span class='ocrx_word' id='word_1_206' title='bbox 1478 3789 1530 3848; x_wconf 81' lang='lat' dir='ltr'>Per</span> <span class='ocrx_word' id='word_1_207' title='bbox 1544 3785 1636 3864; x_wconf 87' lang='lat' dir='ltr'>ipsum</span> <span class='ocrx_word' id='word_1_208' title='bbox 1651 3787 1759 3862; x_wconf 85' lang='lat' dir='ltr'>Regem</span> <span class='ocrx_word' id='word_1_209' title='bbox 1774 3801 1802 3842; x_wconf 87' lang='lat' dir='ltr'>et</span> <span class='ocrx_word' id='word_1_210' title='bbox 1817 3787 1853 3842; x_wconf 86' lang='lat' dir='ltr'>de</span> <span class='ocrx_word' id='word_1_211' title='bbox 1867 3785 1924 3844; x_wconf 87' lang='lat' dir='ltr'>dat’</span> <span class='ocrx_word' id='word_1_212' title='bbox 1938 3787 2064 3862; x_wconf 70' lang='lat' dir='ltr'>predidla</span> 
     </span>
     <span class='ocr_line' id='line_1_27' title="bbox 1572 3865 1956 3931; baseline -0.005 -7"><span class='ocrx_word' id='word_1_213' title='bbox 1572 3866 1748 3925; x_wconf 59' lang='lat' dir='ltr'>Auctoritate</span> <span class='ocrx_word' id='word_1_214' title='bbox 1762 3865 1956 3931; x_wconf 80' lang='lat' dir='ltr'>Parliamenti‚</span> 
     </span>
    </p>
   </div>
   <div class='ocr_carea' id='block_1_5' title="bbox 0 0 2564 6544">
    <p class='ocr_par' dir='ltr' id='par_1_5' title="bbox 0 0 2564 6544">
     <span class='ocr_line' id='line_1_28' title="bbox 0 0 2564 6544; baseline 0 9"><span class='ocrx_word' id='word_1_215' title='bbox 0 0 2564 6544; x_wconf 95' lang='lat' dir='ltr'> </span> 
     </span>
    </p>
   </div>
  </div>
 </body>
</html>
