5118 6544
859 605 897 695 1.
971 605 1034 696 u.
1066 603 1115 695 o
1158 603 1241 697 w.
1337 601 1419 696 ιν.
1937 637 1996 702 21

430 807 627 921 predictus
660 802 924 886 Cancellarius
956 805 1005 885 ad
1036 795 1212 884 horamh
1241 805 1369 912 prime
1397 828 1462 884 eos
1486 799 1583 884 facit
1612 801 1854 882 summoneri

429 932 538 1040 quod
568 931 640 1008 fint
666 954 799 1008 coram
825 955 872 1007 eo
897 929 945 1009 ad
974 926 1114 1008 horam
1143 928 1306 1006 terciam
1334 943 1374 1006 et
1404 927 1432 1004 li
1462 952 1542 1005 non
1561 926 1739 1004 venerint
1757 924 1855 1005 facit

430 1080 495 1132 eos
512 1055 853 1132 excommunicare
869 1067 908 1130 et
923 1040 932 1090 ³
948 1052 1088 1159 punire
1107 1051 1399 1159 provoluntate
1423 1049 1489 1128 sua
1543 1051 1614 1126 Ao
1650 1049 1756 1156 quod
1786 1074 1857 1156 per

429 1174 638 1253 dominum
668 1176 823 1284 Regem
848 1173 902 1252 est
921 1174 1203 1253 concordatum
1224 1193 1263 1251 et
1282 1189 1513 1282 preceptum
1534 1169 1653 1276 Qod
1673 1167 1855 1250 homines

428 1313 717 1376 commorantes
751 1300 793 1376 in
827 1297 921 1376 villa
953 1297 1073 1376 Oxon
1106 1295 1290 1375 decetero
1326 1296 1648 1376 summoneantur
1679 1319 1759 1370 uno
1791 1293 1855 1370 die

429 1421 536 1526 quod
562 1436 814 1528 compareant
842 1419 892 1498 'ad
924 1419 1047 1499 alium
1074 1419 1183 1498 diem
1202 1435 1241 1496 et
1261 1444 1340 1497 non
1361 1417 1471 1497 aliter
1491 1416 1546 1495 set
1577 1417 1644 1495 alii
1673 1414 1859 1495 homines

426 1543 646 1651 vagabundi
665 1544 987 1624 summoneantur
1003 1542 1052 1622 ad
1070 1541 1316 1620 voluntatem
1335 1541 1451 1648 ipsrus
1473 1538 1692 1619 Cancellari
1722 1557 1762 1617 et
1795 1537 1857 1616 se-

428 1665 604 1743 cundom
640 1666 748 1774 quod
781 1667 921 1747 viderit
941 1664 1231 1744 racionabiliter
1258 1662 1331 1742 effe
1355 1663 1582 1742 faciendum
1602 1661 1688 1742 etfi
1709 1657 1857 1740 neceffe

426 1783 546 1868 fuerit
573 1790 679 1896 quod
698 1788 971 1897 inquificiones
992 1787 1086 1866 fiant
1106 1813 1177 1895 pro
1196 1813 1290 1896 pace
1309 1787 1461 1864 domini
1481 1785 1602 1892 Regis
1621 1783 1857 1864 observanda

427 1910 536 2015 quod
568 1908 748 1990 homines
786 1909 889 1989 infra
909 1910 1060 1988 Villam
1080 1926 1369 1987 commorantes
1407 1907 1565 1986 veniant
1604 1931 1855 2015 quacumque

427 2027 524 2109 bora
555 2029 703 2112 fuerint
735 2032 961 2111 summoniti
987 2034 1051 2110 &c
1162 2036 1232 2110 Ao
1272 2029 1350 2110 hoc
1380 2031 1507 2108 eciam
1544 2030 1652 2138 quod
1689 2028 1856 2138 predicti
1893 2000 1929 2105 §-
1948 2020 2016 2106 35·

427 2150 562 2258 Major
593 2175 632 2232 et
666 2155 877 2263 Burgenses
901 2171 1120 2262 queruntur
1140 2157 1356 2260 quodcum
1375 2153 1522 2232 milites
1542 2152 1656 2231 liberi
1674 2150 1855 2230 homines

425 2275 553 2354 etalii
573 2277 812 2356 transeuntes
830 2305 900 2384 per
917 2280 1086 2384 patriam
1105 2275 1351 2384 hospitentur
1370 2274 1417 2352 ad
1441 2276 1578 2354 domos
1598 2272 1856 2382 Burgensrum

424 2395 472 2474 de
494 2397 613 2476 Oxon
630 2415 671 2476 et
689 2399 829 2507 aliquis
849 2399 1014 2477 clericus
1035 2397 1305 2478 Universrtatis
1332 2398 1505 2507 predicte
1537 2399 1739 2476 accionem
1766 2422 1855 2474 ver-

422 2517 483 2596 sus
519 2519 614 2598 tales
645 2539 848 2602 extraneos
885 2547 1041 2600 movere
1078 2521 1244 2600 voluerit
1266 2519 1369 2626 juste
1398 2520 1458 2634 uel
1488 2518 1627 2626 injuste
1656 2546 1728 2626 pro
1757 2543 1854 2598 con·

422 2642 608 2720 tractibus
638 2642 702 2721 seu
727 2645 1058 2724 convencionibus
1080 2641 1279 2722 forinsecis
1299 2659 1338 2720 et
1357 2661 1467 2722 extra
1485 2643 1722 2722 comitatum
1740 2639 1852 2721 factis

425 2765 624 2870 predictus
644 2767 908 2846 Cancellarius
929 2768 976 2844 ad
996 2764 1196 2873 querelam
1220 2765 1352 2842 clerici
1371 2764 1602 2872 sequestrare
1626 2764 1723 2844 facit
1735 2765 1850 2870 equi·

427 2902 600 2967 taturam
634 2905 673 2966 et
705 2887 927 2968 harnafium
959 2889 1099 2965 talium
1130 2904 1405 2964 extraneorum
1431 2885 1524 2963 licet
1543 2886 1690 2966 fuerint
1708 2889 1750 2964 in
1770 2886 1850 2963 ser-

418 3008 523 3085 vicio
548 3010 700 3086 domini
738 3011 860 3113 Regis
896 3025 963 3084 aut
998 3007 1155 3083 alterius
1194 3006 1474 3110 cujuscumque
1513 3007 1706 3112 magnatis
1744 3023 1784 3082 et
1821 3007 1852 3084 su

417 3124 557 3236 hospes
589 3127 657 3205 ille
677 3128 850 3233 aliquem
870 3128 988 3205 talem
1009 3144 1239 3205 extraneum
1258 3153 1352 3204 curn
1371 3126 1534 3205 domino
1553 3128 1664 3234 Rege
1684 3143 1750 3204 aut
1770 3126 1849 3206 alio

416 3266 600 3356 magnate
631 3248 859 3328 existentem
883 3248 1061 3327 arrestare
1080 3266 1122 3326 et
1141 3249 1243 3326 bona
1258 3248 1323 3326 sua
1342 3251 1507 3326 retinere
1526 3275 1605 3326 non
1625 3249 1763 3326 audeat
1781 3249 1846 3327 vel

417 3397 499 3450 non
517 3370 632 3479 poffit
660 3371 714 3450 set
743 3372 871 3477 ipsum
900 3371 1022 3449 libere
1050 3371 1157 3448 abire
1177 3371 1373 3477 permittit
1394 3372 1657 3450 Cancellarius
1677 3370 1805 3478 ipsum
1824 3363 1844 3412 ¹¹

416 3492 831 3602 punitutculpabilem
842 3491 1140 3601 transgreffionis
1154 3493 1328 3601 predicte
1365 3497 1434 3574 Ao
1445 3493 1550 3601 quod
1566 3493 1848 3573 dominusRex

416 3615 502 3696 vult
532 3631 571 3694 et
603 3617 771 3723 precipit
797 3616 917 3722 Qod
951 3621 1189 3694 transeuntes
1209 3642 1278 3723 per
1296 3599 1430 3695 villain
1451 3616 1570 3694 Oxon
1591 3617 1846 3723 respondeant

415 3764 549 3819 coram
566 3738 808 3818 Cancellario
826 3741 875 3818 de
893 3738 1155 3818 contractibus
1181 3757 1221 3818 et
1243 3737 1598 3846 transgreslionibus
1617 3738 1728 3818 factis
1749 3740 1844 3817 Sco-

416 3860 563 3940 laribus
582 3859 685 3939 infra
704 3861 838 3941 villam
858 3863 979 3940 Oxon
997 3880 1038 3940 et
1057 3888 1138 3940 non
1164 3862 1212 3940 de
1242 3860 1506 3939 contractibus
1534 3881 1575 3940 et
1605 3860 1843 3968 transgressi-

414 3984 555 4063 onibus
574 3981 773 4062 sorinsecis
890 3986 961 4064 Ao
978 3981 1054 4063 hoc
1073 3983 1199 4062 eciam
1220 3983 1325 4089 quod
1344 3985 1510 4091 predicti
1530 3985 1663 4091 Major
1681 4003 1720 4063 et
1740 3985 1845 4063 Bur·
1880 3979 1913 4086 §
1935 3982 2007 4090 36.

412 4107 545 4215 genses'
573 4122 790 4213 queruntur
817 4107 1045 4214 quodcum
1075 4107 1216 4214 aliquis
1243 4106 1364 4184 laicus
1393 4134 1463 4215 per
1498 4107 1686 4186 clericum
1719 4106 1841 4188 fuerit

411 4229 636 4309 vulneratus
657 4231 712 4309 ita
725 4231 833 4336 quod
852 4230 901 4308 de
919 4230 1000 4309 vita
1016 4228 1239 4338 desperetur
1257 4230 1452 4336 predictus
1481 4229 1742 4308 Cancellarius
1776 4233 1841 4338 ip-

411 4353 497 4464 sum
517 4352 705 4432 clericum
720 4355 821 4462 petit
842 4353 911 4433 fibi
926 4352 1130 4434 deliberari
1144 4350 1370 4459 priusquam
1386 4353 1524 4460 veritas
1544 4353 1690 4433 devita
1710 4350 1770 4431 vel
1790 4353 1842 4431 de

410 4492 539 4555 morte
575 4473 770 4554 vulnerati
802 4478 947 4585 poterit
976 4475 1061 4554 sciri
1089 4493 1129 4554 et
1164 4475 1465 4554 contradictores
1503 4475 1842 4556 excommunicari·

409 4595 506 4678 facit
567 4599 641 4677 Ao.
661 4597 772 4706 quod
797 4599 982 4679 dominus
1002 4599 1091 4678 Rex
1109 4597 1195 4677 vult
1224 4616 1263 4676 et
1288 4599 1457 4706 precipit
1482 4598 1726 4678 Cancellario
1741 4624 1839 4710 pre*

828 4823 1039 4890 VAR··IAE
1079 4823 1421 4885 LECTIONEslr

447 4965 607 5048 'primam
630 4973 802 5038 H„s01.r6,
1178 4965 1193 5004 ¹
1212 4965 1364 5046 hospitem.
1404 4969 1447 5032 H.
1469 4969 1519 5031 sol.
1540 4989 1586 5048 ¹2·

447 5061 460 5104 ¹
468 5062 579 5142 puniri.
600 5063 642 5126 H.
656 5065 708 5125 sol.
726 5063 771 5126 16.
1329 5081 1334 5087 ·

1726 5149 1838 5230 dicte:
