5118 6544
913 616 951 708 1.
1013 569 1063 708 'u
1096 613 1144 706 u
1182 615 1258 708 w.
1331 613 1413 706 ru.
1946 652 1976 742 9

433 778 564 862 clrolai
591 785 823 866 senescallus
850 787 1003 866 domini
1030 790 1152 896 Regis
1177 788 1224 866 ad
1248 803 1480 898 preceptum
1509 781 1681 890 ejusdem
1709 777 1862 861 domini

435 909 558 1016 Regis
588 907 682 987 huic
709 910 852 1018 scripto
882 911 1053 1019 sigillum
1073 913 1185 990 suum
1206 910 1386 1018 apposuit
1404 909 1541 989 eodem
1563 905 1726 986 domino
1749 904 1860 1008 Rege

435 1056 505 1136 per
522 1032 651 1108 literas
671 1033 882 1113 mandante
903 1035 1138 1114 Vicecomiti
1157 1035 1304 1138 Majori
1323 1051 1363 1111 et
1381 1030 1540 1110 Ballivis
1567 1029 1686 1108 Oxon
1708 1043 1751 1104 ut
1769 1050 1863 1133 pre·

436 1151 557 1232 distas
585 1153 781 1234 libertates
811 1156 1089 1236 inviolabiliter
1107 1159 1312 1237 observent
1331 1171 1370 1234 et
1390 1153 1536 1234 faciant
1553 1149 1744 1232 observari
1762 1171 1859 1255 quas

436 1277 561 1354 eciam
584 1277 690 1356 idem
717 1280 899 1360 dominus
920 1279 1009 1358 Rex
1029 1279 1123 1360 fecit
1143 1279 1338 1358 irrotulari
1358 1279 1476 1356 Anno
1497 1276 1605 1382 regni
1626 1274 1682 1352 sui
1710 1268 1859 1349 tricefi-

437 1421 505 1474 mo
533 1399 651 1478 tercio
770 1401 864 1480 Nos
886 1421 1018 1481 autem
1039 1404 1252 1510 predislam
1267 1397 1550 1479 concessionem
1569 1394 1750 1503 predictis
1765 1393 1860 1472 Sco·
1873 1407 2022 1471 Hen.111.

436 1518 580 1600 laribus
611 1521 721 1630 super
751 1524 909 1632 prefatis
933 1525 1177 1606 libertatibus
1210 1525 1258 1603 de
1289 1541 1474 1632 precepto
1500 1519 1629 1600 nostro
1655 1517 1799 1598 saetam
1819 1533 1863 1596 ut

436 1644 658 1749 predidtum
685 1647 737 1724 est
766 1667 889 1727 ratam
919 1646 1107 1726 habentes
1138 1667 1177 1728 et
1202 1665 1352 1754 gratam
1372 1671 1459 1724 eam
1480 1641 1720 1752 presentibus
1739 1639 1862 1718 literis

437 1765 572 1846 nostris
592 1771 816 1875 patentibus
837 1770 1054 1851 Scolaribus
1075 1772 1276 1850 antedidtis
1296 1768 1546 1856 concedimus
1568 1783 1606 1843 et
1626 1762 1740 1870 figilli
1771 1759 1861 1840 nos·

437 1889 488 1966 tri
521 1893 743 1970 munimine
774 1892 1000 1973 roboramus
1029 1894 1145 1972 Teste
1173 1893 1246 1971 Me
1264 1890 1346 1998 ipso
1366 1891 1469 1998 apud
1488 1885 1708 1968 Wodestolr
1726 1881 1861 1962 vicefi-

439 2034 508 2086 mo
539 2015 668 2118 primo
697 2016 759 2094 die
788 2017 898 2119 Junii
925 2019 1045 2094 Anno
1071 2017 1180 2123 regni
1210 2015 1328 2094 nostri
1352 2009 1674 2118 quinquagesimo
1695 2005 1865 2085 secundo

439 2129 535 2209 Nos
571 2153 702 2213 autem
732 2139 992 2217 conceffiones
1022 2139 1212 2246 predistas
1245 2154 1342 2216 ratas
1373 2133 1558 2214 habentes
1590 2148 1629 2209 et
1657 2150 1783 2237 gratas
1803 2145 2016 2210 castiumlt.

439 2279 512 2360 pro
538 2257 651 2335 nobis
671 2276 712 2336 et
730 2257 938 2341 heredibus
959 2260 1095 2338 nostris
1115 2277 1308 2368 quantum
1327 2259 1368 2335 in
1389 2256 1501 2335 nobis
1521 2253 1575 2332 est
1595 2255 1740 2332 eisdem
1758 2252 1866 2329 Can·

439 2373 599 2456 cellario
620 2379 817 2488 Magistris
849 2382 1067 2462 Scolaribus
1096 2400 1135 2460 et
1163 2379 1416 2461 Universrtati
1435 2377 1687 2457 concedimus
1708 2394 1747 2453 et
1766 2401 1865 2452 con-

440 2495 642 2579 firmamus
658 2501 752 2580 ficut
767 2503 878 2583 litere
892 2506 1064 2614 predidte
1082 2503 1369 2584 racionabiliter
1390 2502 1579 2582 testantur
1681 2499 1860 2576 Praeru-
1879 2490 1917 2594 ᾖ.
1940 2509 2000 2594 17·

443 2641 538 2699 Rea
574 2626 747 2702 volentes
778 2628 922 2708 eisdem
947 2629 1190 2708 Cancellario
1210 2626 1408 2734 Magistris
1436 2622 1654 2704 Scolaribus
1689 2639 1728 2698 et
1761 2619 1866 2697 Uni·

439 2743 607 2824 vcrfitati
632 2749 803 2854 graciam
834 2751 876 2828 in
897 2748 971 2828 hac
989 2771 1098 2859 parte
1119 2749 1245 2828 facere
1275 2746 1495 2827 uberiorem
1523 2740 1777 2823 conceffimus
1810 2741 1865 2818 eis

440 2891 513 2972 pro
540 2869 652 2948 nobis
680 2889 719 2947 et
751 2869 961 2951 heredibus
987 2873 1123 2951 nostris
1155 2871 1377 2976 quodlicet
1401 2861 1867 2975 ipfiveleorumprede-

442 2987 601 3067 cessores
635 2990 882 3070 libertatibus
911 2992 1095 3099 predidtis
1117 2990 1177 3068 vel
1196 2992 1326 3094 aliqua
1359 2988 1586 3066 earumdem
1619 2986 1751 3089 aliquo
1780 2982 1869 3062 casu

441 3126 668 3215 emergente
697 3109 884 3188 hastenus
914 3114 1029 3219 plene
1059 3109 1112 3190 usi
1143 3137 1221 3188 non
1250 3109 1398 3188 fuerint
1427 3107 1497 3216 ipsr
1524 3125 1654 3184 tamen
1674 3123 1870 3182 eteorum

441 3227 665 3310 successores
695 3231 941 3312 libertatibus
966 3233 1044 3313 illis
1075 3251 1115 3312 et
1138 3259 1272 3312 earum
1301 3231 1476 3339 qualibet
1494 3231 1572 3309 fine
1592 3227 1789 3308 occasione
1810 3224 1871 3304 vel

442 3351 730 3460 impedimento
763 3353 882 3433 nostri
902 3355 962 3433 vel
982 3353 1171 3435 heredum
1193 3355 1413 3436 nostrorum
1445 3351 1755 3455 Justiciariorum
1795 3346 1871 3426 Es·

443 3493 644 3553 caetorum
667 3475 961 3555 Vicecomitum
980 3496 1048 3556 aut
1068 3479 1234 3558 aliorum
1255 3478 1496 3557 Ballivorum
1514 3472 1577 3553 seu
1596 3472 1874 3551 Ministrorum

442 3595 662 3675 nostrorum
691 3623 1036 3708 quorumcumque
1065 3601 1243 3681 decetero
1274 3601 1389 3708 plene
1419 3598 1613 3706 gaudeant
1643 3613 1682 3674 et
1714 3608 1873 3672 utantur

442 3719 490 3798 In
510 3721 620 3825 cujus
642 3721 696 3799 rei
716 3721 984 3802 testimonium
1003 3721 1073 3802 has
1092 3725 1221 3804 literas
1241 3724 1385 3802 nostras
1405 3719 1488 3799 sieri
1507 3716 1674 3798 fecimus
1694 3731 1871 3824 patentes

443 3841 563 3920 Teste
589 3843 663 3921 Me
691 3844 775 3951 ipso
804 3844 907 3951 apud
939 3843 1171 3925 Thunderle
1194 3844 1377 3926 vicesimo
1395 3844 1459 3923 die
1479 3841 1581 3921 Maii
1612 3843 1732 3918 Anno
1762 3835 1874 3944 regni

444 3964 564 4042 nostri
583 3968 716 4043 aetavo
815 3965 911 4046 Nos
931 3987 1064 4048 autem
1079 3968 1338 4048 conceffiones
1358 3967 1548 4076 predidlas
1569 3980 1666 4042 ratas
1687 3958 1968 4040 habentesnaw.
1981 3977 2036 4041 111.

444 4104 484 4163 et
502 4106 629 4192 gratas
655 4113 717 4166 eas
749 4114 820 4197 pro
840 4090 953 4169 nobis
968 4111 1008 4170 et
1027 4089 1235 4172 heredibus
1256 4090 1392 4170 nostris
1413 4088 1665 4195 quantumin
1688 4081 1799 4162 nobis
1820 4079 1875 4159 est

445 4207 605 4315 prefatis
635 4211 877 4291 Cancellario
907 4213 1107 4322 Magistris
1140 4213 1359 4293 Scolaribus
1387 4231 1428 4290 et
1454 4207 1704 4290 Universrtati
1734 4205 1783 4283 ad
1812 4205 1876 4282 in-

444 4331 610 4411 stantem
645 4333 941 4440 requisrcionem
970 4336 1103 4417 dilecti
1129 4335 1260 4416 clerici
1289 4333 1407 4414 nostri
1440 4331 1613 4441 magistri
1641 4326 1808 4407 Roberti
1828 4324 1878 4403 de

446 4454 637 4534 Stratiord
687 4457 967 4538 Archidiaconi
1011 4459 1296 4540 Cantuarienfis
1336 4455 1569 4538 Cancellarii
1608 4448 1879 4531 Univerfitatis

446 4577 618 4685 prediste
634 4581 678 4660 ad
697 4579 808 4684 cujus
822 4579 1025 4688 personam
1045 4580 1299 4662 affectionem
1318 4583 1490 4688 gerimus
1512 4575 1718 4686 specialem
1737 4594 1880 4650 conce-

450 4700 579 4779 dimus
599 4722 638 4781 et
657 4699 936 4783 confirmamus
953 4705 1050 4784 ficut
1068 4705 1178 4785 litere
1199 4704 1372 4812 prediste
1407 4697 1700 4781 racionabiliter
1735 4692 1879 4772 testan-

446 4837 510 4900 tur
618 4823 878 4906 Parentes
908 4827 1081 4908 volentes
1109 4828 1252 4908 eisdem
1273 4825 1519 4906 Cancellario
1547 4818 1752 4928 Magistris
1787 4816 1883 4892 Sco-

449 4942 593 5023 laribus
624 4964 663 5026 et
693 4948 944 5030 Universrtati
977 4951 1025 5031 ad
1064 4951 1256 5030 solicitam
1293 4950 1464 5055 ejusdem
1498 4944 1636 5026 clerici
1672 4937 1791 5020 nostri
1821 4938 1885 5014 in·
1984 4971 1987 4980 ·

1141 5073 1173 5150 Β
1700 5058 1887 5138 stanciam
