5118 6544
858 588 894 677 1.
966 588 1005 676 Ε
1074 586 1122 678 Ι)
1192 585 1268 676 W.
1342 581 1425 674 IV.
1941 617 1998 711 15

430 741 554 821 sentes
573 740 686 820 litere
706 742 953 849 pervenerint
967 741 1129 820 salutem
1235 741 1517 819 Iusrnxrurus
1534 740 1731 847 quandam
1747 741 1857 821 ordi-

433 864 641 942 nacionem
671 863 783 972 super
813 863 968 943 diversis
1007 862 1331 944 contentionibus
1370 880 1409 940 et
1444 862 1718 941 exaccionibus
1757 866 1860 942 inter

433 985 724 1063 Cancellarium
756 1004 796 1063 et
830 988 1000 1066 Scolares
1026 985 1295 1065 Universrtatis
1332 985 1451 1064 Oxon
1487 1009 1536 1062 ex
1570 1013 1646 1064 una
1678 1005 1787 1092 parte
1821 1005 1863 1064 et

432 1107 632 1211 Majorem
647 1127 687 1184 et
703 1108 916 1215 Burgenses
933 1108 1105 1215 ejusdem
1118 1108 1225 1185 Ville
1244 1133 1293 1186 ex
1314 1108 1432 1186 altera
1445 1107 1597 1185 dudum
1613 1111 1731 1187 motis
1750 1108 1863 1216 super

431 1228 665 1335 quibusdam
695 1232 984 1337 gravaminibus
1015 1251 1054 1312 et
1084 1231 1335 1310 coutumeliis
1365 1227 1459 1308 hinc
1483 1229 1574 1308 inde
1594 1229 1710 1309 illatis
1729 1257 1863 1310 coram

431 1350 596 1429 celebris
617 1354 808 1430 memorie
829 1354 992 1433 domino
1013 1353 1210 1433 Edwardo
1231 1353 1432 1460 quondam
1452 1357 1563 1458 Rege
1586 1353 1731 1460 Anglie
1751 1371 1861 1461 patre
1872 1371 1955 1432 Edw.
1970 1372 1995 1430 Ι.

432 1473 562 1551 nostro
595 1493 634 1552 et
665 1475 825 1553 confilio
847 1477 914 1554 suo
938 1477 985 1553 ad
1013 1477 1320 1583 parliamentum
1339 1474 1451 1552 suum
1470 1474 1555 1581 post
1575 1475 1719 1554 Pascha
1738 1479 1859 1554 Anno

431 1596 542 1701 regni
562 1595 619 1673 sui
638 1597 794 1675 decimo
814 1601 946 1677 astavo
964 1627 1032 1708 per
1049 1600 1176 1707 ipsum
1197 1599 1350 1704 Regem
1367 1616 1520 1705 patrem
1536 1605 1548 1634 ¹
1566 1594 1679 1675 suum
1701 1615 1743 1676 et
1759 1625 1862 1678 con·

431 1717 560 1795 filium
593 1716 705 1797 suum
731 1719 875 1798 factam
906 1739 945 1800 et
976 1721 1234 1829 responfiones
1267 1721 1440 1825 ejusdem
1470 1720 1590 1826 patris
1609 1720 1727 1798 nostri
1747 1721 1860 1828 super

431 1839 584 1917 diverfis
615 1843 787 1920 articulis
817 1845 858 1920 in
891 1844 1027 1921 eadem
1044 1844 1294 1920 ordinacione
1314 1844 1507 1920 contentis
1528 1845 1797 1920 coutinentem
1818 1845 1860 1920 in

431 1957 505 2039 hec
521 1962 638 2042 verba
685 1965 795 2041 Cuur
809 1966 1208 2043 interCancellarium
1220 1982 1258 2040 et
1270 1965 1440 2042 Scolares
1454 1964 1723 2042 Universrtatis
1738 1965 1857 2043 Oxou

428 2109 478 2159 ex
494 2110 571 2162 una
588 2102 697 2191 parte
718 2104 756 2163 et
774 2086 971 2191 Majorem
995 2107 1034 2164 ct
1054 2087 1265 2192 Burgenses
1285 2085 1458 2190 ejusdem
1478 2085 1570 2163 ville
1590 2113 1638 2164 ex
1659 2087 1777 2165 altera
1797 2087 1860 2165 di·

427 2205 532 2283 verse
562 2209 839 2286 contenciones
870 2228 909 2288 et
936 2212 1161 2287 exaccioncs
1182 2209 1292 2315 super
1312 2207 1545 2314 quibusdam
1565 2209 1859 2315 gravaminibus

429 2346 470 2404 et
503 2329 752 2407 contumeliis
783 2329 876 2408 hinc
897 2332 987 2410 inde
1006 2331 1123 2408 illatis
1145 2349 1251 2407 more
1271 2327 1428 2408 fuissent
1446 2331 1603 2408 taudem
1624 2359 1756 2409 coram
1777 2331 1858 2439 ipso

430 2450 606 2529 dominio
627 2451 738 2558 Rege
758 2471 798 2530 et
816 2453 899 2559 ejus
920 2455 1080 2532 consilio
1100 2453 1147 2530 ad
1167 2453 1471 2561 parliamentum
1486 2452 1599 2530 suum
1614 2454 1698 2560 post
1715 2451 1860 2531 Pascha

428 2574 547 2651 Anno
567 2575 675 2679 regni
696 2573 751 2651 sul
781 2575 863 2653 viz.
886 2579 996 2684 regni
1016 2578 1137 2683 Regis
1155 2576 1340 2654 Edwardi
1357 2574 1429 2652 filii
1449 2576 1571 2682 Regis
1593 2577 1758 2654 Henrici
1786 2576 1857 2652 de-

426 2695 532 2772 cimo
552 2697 744 2773 aaaron
764 2697 959 2804 presencia
979 2699 1213 2776 Cancellarii
1233 2716 1272 2773 et
1292 2698 1553 2802 quorumdam
1573 2697 1857 2804 Magistrorrim

426 2817 598 2924 predicte
630 2818 898 2897 Universrtatis
924 2822 1139 2928 plenariam
1160 2817 1390 2925 potestatem
1411 2815 1650 2896 habeucium
1672 2838 1712 2897 et
1732 2823 1858 2899 eciam

424 2939 590 3045 Majoris
606 2957 645 3018 et
665 2940 922 3046 Burgenfium
942 2941 1115 3045 ejusdem
1132 2941 1224 3020 ville
1242 2931 1738 3052 mutuo'consenciencium
1757 2968 1857 3018 con-

420 3063 621 3136 tenciones
642 3078 682 3135 et
696 3060 936 3136 contumelio
957 3085 1206 3165 quecumque
1227 3056 1430 3135 hincinde
1450 3060 1556 3137 illate
1574 3059 1692 3166 usque
1712 3059 1856 3140 festum

421 3182 542 3264 [aneu
554 3178 745 3284 Johanuis
759 3200 846 3258 ante
861 3182 1186 3287 portamlatinam
1199 3179 1467 3258 consenciente
1482 3200 1520 3258 et
1536 3182 1775 3260 concedente
1791 3185 1854 3291 ip-

426 3307 466 3384 so
482 3305 644 3382 domino
657 3302 767 3406 Rege
780 3303 821 3379 iu
835 3299 942 3380 hunc
958 3305 1122 3380 modum
1135 3305 1445 3409 conquieverunt
1458 3302 1623 3382 videlicet
1639 3305 1855 3407 Qodom-

426 3453 494 3506 nes
514 3433 525 3464 ¹
552 3423 778 3502 exacciones
799 3451 894 3530 quas
913 3425 1080 3532 predicti
1100 3425 1363 3503 Cancellarius
1384 3441 1423 3502 ct
1445 3425 1614 3504 Scolares
1636 3423 1859 3506 habuerunt

421 3550 482 3630 vel
496 3547 639 3627 habere
652 3563 838 3652 poterunt
852 3547 977 3624 versus
991 3547 1184 3654 predictos
1198 3547 1394 3652 Majorem
1403 3565 1442 3626 et
1453 3547 1663 3654 Burgenses
1678 3567 1717 3626 et
1729 3551 1853 3627 eciam

354 3695 359 3706 ·
423 3697 518 3779 quas
550 3669 670 3746 iidem
699 3668 831 3780 Major
859 3687 903 3746 et
925 3669 1137 3775 Burgenses
1165 3666 1388 3748 habuerunt
1419 3670 1479 3748 vel
1506 3668 1648 3748 habere
1668 3690 1855 3777 poterunt

426 3795 553 3872 versus
570 3791 763 3900 predictos
784 3790 1074 3870 Cancellarium
1087 3810 1126 3870 et
1143 3792 1315 3869 Scolares
1336 3819 1497 3897 quoquo
1519 3793 1637 3870 modo
1657 3821 1852 3900 quacum-

421 3943 498 4023 que
528 3914 727 3995 occasrone
758 3941 1098 4022 quarumcumque
1128 3913 1466 4020 transgreffionum
1496 3915 1615 4021 usque
1636 3915 1741 3992 diem
1762 3909 1854 4023 pre-⁴

422 4040 576 4117 dictum
603 4034 809 4114 hincinde
829 4035 1021 4115 factarum
1041 4039 1173 4143 quiete
1193 4055 1232 4114 et
1252 4038 1404 4141 integre
1425 4039 1675 4115 remittantur
1694 4039 1852 4116 irriten-

423 4178 487 4239 tur
521 4179 560 4238 et
593 4157 846 4238 adnullentur
967 4161 1031 4237 Set
1066 4161 1156 4265 quia
1188 4158 1350 4236 domino
1383 4160 1485 4265 Regi
1515 4179 1553 4237 et
1583 4161 1663 4265 ejus
1693 4161 1852 4239 consilio
1885 4163 1922 4264 ᾖ.
1943 4183 2017 4268 25..

421 4282 549 4362 visum
578 4280 632 4360 est
661 4281 768 4389 quod
804 4308 873 4389 per
902 4277 1231 4389 composicionem
1262 4281 1325 4358 seu
1355 4281 1606 4359 concordiam
1635 4284 1851 4389 predictam

419 4407 527 4486 nulla
558 4403 719 4512 persona
757 4402 957 4510 singularis
989 4405 1037 4482 ab
1071 4407 1228 4482 accione
1264 4402 1454 4510 personali
1491 4404 1695 4482 occafione.
1727 4407 1849 4484 trans-

417 4528 615 4634 greffionis
645 4526 714 4604 fibi
745 4526 993 4633 personaliter
1021 4528 1128 4605 illate
1158 4525 1272 4634 poffit
1302 4527 1361 4602 vel
1391 4525 1529 4603 debeat
1559 4527 1716 4605 excludi
1738 4530 1848 4606 Con-

418 4650 562 4730 cessum
591 4646 646 4728 est
666 4667 705 4726 et
724 4649 922 4755 provisum
954 4650 1055 4728 bona
1084 4649 1160 4728 fide
1189 4647 1283 4726 hinc
1313 4647 1404 4726 inde
1434 4649 1540 4755 quod
1560 4677 1631 4726 nec
1653 4649 1849 4757 predictus

783 4874 1035 4937 VARIAE
1081 4873 1480 4936 LECTIONEst

462 4993 478 5021 ¹·
488 4983 625 5046 nostrum.
664 4986 705 5045 H.
722 4986 773 5044 sol.
791 5005 838 5063 32.
1193 4979 1357 5040 'accionea
1396 4979 1438 5037 H.
1459 4977 1510 5038 sol.
1530 4996 1578 5062 ¹43
1669 4997 1673 5004 ·

1513 5073 1517 5080 ’
1674 5079 1855 5158 cancel-e
