5118 6544
1167 573 1678 672 CARTA

696 796 850 858 ceretur
879 779 920 857 in
952 777 1087 860 Castro
1109 779 1229 859 Oxon
1262 798 1302 859 et
1330 781 1386 860 ibi
1419 781 1638 861 detineatur
1666 777 1868 888 quousque
1900 779 2044 866 clerico
2064 787 2124 870 sa·

697 901 817 980 tisfiat
838 918 877 979 et
898 900 973 981 hoc
994 902 1154 981 arbitrio
1175 905 1408 982 Cancellarii
1428 923 1468 981 et
1488 903 1758 982 Univerfiratis
1781 904 1900 984 Oxou
1919 905 2123 996 siclericus

695 1043 898 1132 protervus
918 1023 1036 1104 fuerit
1057 1029 1096 1104 Si
1117 1027 1248 1105 minor
1267 1027 1328 1104 vel
1348 1028 1444 1104 levis
1464 1027 1509 1104 fit
1529 1026 1670 1132 injuria
1683 1026 1944 1106 incarceretur
1958 1032 2000 1108 in
2013 1032 2123 1117 Villa

696 1150 735 1224 Si
754 1149 918 1226 clericus
938 1147 1080 1227 inserat
1099 1175 1258 1255 gravem
1280 1151 1340 1226 vel
1361 1176 1564 1228 enormem
1583 1147 1768 1228 lefionem
1788 1149 1887 1230 laico
1903 1152 2121 1234 incarcere·

695 1271 819 1350 turin
841 1271 1016 1376 predicto
1036 1271 1171 1348 Castro
1190 1273 1393 1378 quousque
1422 1271 1687 1350 Cancellarius
1715 1272 1890 1380 prediste
1919 1274 2119 1360 Univerfi-

695 1395 785 1470 tatis
806 1394 933 1499 ipsum
954 1394 1203 1500 postulaverit
1230 1395 1258 1472 s1
1287 1398 1417 1472 minor
1436 1394 1497 1473 vel
1517 1393 1611 1498 levis
1630 1395 1678 1476 fit
1697 1395 1841 1500 injuria
1860 1398 2122 1484 incarceretur

561 1511 595 1610 ᾗ.
617 1505 652 1584 8.
694 1514 905 1593 incarcere
927 1516 1032 1594 Ville
1053 1505 1458 1622 quousque'liberetur
1468 1542 1537 1624 per
1551 1516 1842 1598 Cancellarium
1953 1519 2120 1600 Pistores

694 1655 733 1714 et
752 1637 979 1717 Brosratores
999 1640 1041 1716 in
1061 1639 1192 1744 primo
1212 1639 1440 1746 transgressu
1465 1641 1533 1718 suo
1559 1667 1639 1718 non
1666 1643 1878 1746 puniantur
1905 1642 1961 1720 set
1988 1643 2029 1722 in
2060 1642 2121 1724 sc·

694 1760 824 1836 cundo
843 1760 1027 1838 amittant
1047 1787 1191 1867 panem
1210 1781 1250 1838 et
1273 1764 1312 1839 in
1335 1763 1458 1839 tercio
1478 1761 1706 1868 transgressu
1725 1760 1897 1842 habeant
1915 1762 2119 1868 judicium

690 1882 739 1958 de
771 1881 927 1987 pillorio
987 1882 1169 1982 Qilibet
1188 1883 1311 1961 Pistor
1331 1881 1473 1962 habeat
1492 1885 1664 1990 sigillum
1684 1885 1797 1963 suurn
1824 1903 1864 1962 et
1892 1883 2015 1992 signet
2044 1913 2118 1994 pa-

690 2030 782 2080 nem
802 2005 914 2082 suum
934 2029 1003 2110 per
1023 2005 1130 2110 quod
1150 2004 1265 2112 pofiit
1282 2005 1464 2112 cognosci
1483 2008 1595 2110 cujus
1614 2009 1726 2113 panis
1754 2007 1801 2086 fit
1862 2006 2118 2119 Qicumque

689 2129 737 2202 de
760 2125 853 2204 villa
872 2127 991 2203 Oxon
1036 2125 1256 2204 brafiaverit
1276 2128 1324 2204 ad
1344 2128 1596 2208 vendendum
1622 2146 1792 2236 exponat
1814 2127 1971 2238 siguum
2001 2129 2117 2210 suum

689 2249 863 2355 alioquin
884 2249 1038 2327 amittat
1056 2247 1247 2326 servisram
1304 2250 1409 2328 Vina
1429 2252 1550 2330 Oxon
1565 2254 1831 2330 communiter
1845 2252 2062 2331 vendantur
2076 2270 2116 2334 et

689 2368 957 2449 indifferenter
977 2389 1058 2448 tarn
1076 2371 1229 2450 clericis
1248 2397 1369 2478 quarn
1390 2374 1497 2452 laicis
1520 2397 1571 2450 ex
1591 2397 1671 2477 quo
1691 2368 1950 2450 imbrechiata
1966 2371 2116 2456 suerint

554 2486 591 2585 §·
609 2513 648 2591 9·
687 2493 925 2600 Temptacio
950 2495 1061 2600 panis
1089 2492 1156 2572 siat
1186 2493 1245 2574 bis
1277 2497 1318 2574 in
1346 2522 1449 2576 anno
1470 2493 1540 2573 viz
1567 2495 1610 2572 in
1629 2493 1830 2599 quindena
1856 2492 1943 2600 post
1970 2491 2116 2576 festum

687 2615 805 2694 santii
820 2611 1033 2694 Michaelis
1051 2633 1094 2693 et
1112 2618 1215 2696 circa
1231 2615 1379 2696 fesium
1400 2618 1527 2696 sancte
1547 2616 1677 2694 Marie
1696 2616 1737 2695 in
1758 2616 1906 2694 marcio
1941 2617 1996 2698 Et
2016 2615 2119 2700 allisa

687 2737 841 2816 cervifie
871 2736 940 2816 fiat
966 2739 1110 2817 eisdem
1140 2741 1318 2820 terminis
1350 2739 1565 2819 secundum
1584 2738 1756 2818 valorem
1784 2738 1889 2818 bladi
1922 2756 1962 2820 et
1993 2738 2115 2822 brasei

687 2862 742 2940 Et
762 2859 1119 2968 quocienscumque
1138 2862 1276 2942 debeat
1296 2861 1381 2940 fieri
1409 2862 1623 2969 temptacio
1654 2862 1765 2970 panis
1791 2879 1831 2939 et
1862 2862 2017 2944 cervisie
2047 2862 2113 2944 in·

687 2983 792 3062 tersit
809 2984 1075 3062 Cancellarius
1107 2987 1279 3092 prediste
1301 2984 1573 3061 Univerfitatis
1591 2985 1655 3060 vel
1687 2984 1810 3090 aliqui
1835 3011 1886 3062 ex
1915 3000 2023 3090 parte
2049 2982 2116 3066 sua

687 3106 735 3182 ad
760 3102 836 3183 hoc
857 3105 1033 3213 deputati
1052 3105 1079 3182 si
1100 3107 1213 3212 super
1240 3105 1318 3183 hoc
1344 3105 1517 3212 requifiri
1547 3103 1723 3182 interesse
1744 3105 1938 3186 volueriut
1958 3105 2110 3213 quodsi

685 3255 763 3304 non
786 3227 963 3306 intersint
984 3255 1056 3306 nec
1077 3227 1190 3335 super
1209 3226 1286 3306 hoc
1319 3227 1492 3334 requisiti
1511 3223 1661 3304 fuerint
1691 3223 1814 3306 nichil
1835 3228 1958 3306 valeat
1978 3247 2112 3340 temp-

685 3350 788 3427 tacio
806 3349 981 3457 predisla
1022 3349 1069 3427 In
1090 3351 1202 3455 cujus
1223 3352 1277 3428 rei
1299 3350 1567 3428 testimonium
1584 3343 1653 3424 has
1673 3347 1803 3428 literas
1819 3349 1964 3430 nostras
1984 3353 2114 3434 eidem

685 3469 936 3551 Universrtati
969 3469 1052 3550 ficri
1076 3471 1242 3552 fecimus
1276 3490 1452 3579 patentes
1473 3469 1593 3550 Teste
1612 3468 1685 3548 Me
1715 3469 1799 3576 ipso
1832 3469 1937 3576 apud
1957 3470 2111 3554 wode-

683 3593 769 3672 stok
789 3595 944 3674 decimo
962 3597 1100 3674 ottavo
1129 3597 1192 3674 die
1211 3597 1320 3700 Junii
1342 3597 1462 3674 Anno
1491 3594 1604 3702 regni
1633 3590 1754 3672 nostri
1781 3590 1976 3672 tricesimo
2002 3618 2112 3676 nouo

555 3774 565 3795 .
637 3771 645 3791 .
684 3717 788 3795 Illud
818 3718 938 3826 igitur
966 3718 1072 3823 quod
1102 3718 1274 3826 superius
1304 3715 1524 3825 expressum
1548 3714 1736 3822 estquod
1763 3713 1912 3792 scilicet
1940 3731 2110 3820 quatuor

684 3840 942 3918 Aldermanni
974 3861 1014 3918 et
1030 3844 1120 3920 osto
1140 3843 1189 3920 de
1209 3839 1503 3920 discrecioribus
1523 3855 1563 3917 et
1582 3835 1831 3944 legalioribus
1850 3836 2112 3944 Burgensrbus

682 3962 787 4039 Ville
816 3963 988 4068 predicte
1018 3964 1106 4071 ipsis
1137 3964 1415 4043 Aldermnnnis
1445 3960 1616 4040 associati
1646 3959 1707 4040 vel
1734 3957 1943 4042 affociandi
1971 3962 2111 4070 jurent

680 4083 792 4161 nobis
818 4084 1049 4164 fidelitatem
1079 4088 1119 4164 in
1149 4088 1345 4194 presencia
1372 4084 1499 4164 nostra
1515 4103 1557 4161 et
1577 4084 1652 4162 fint
1677 4081 1884 4164 assistentes
1905 4102 1945 4162 et
1963 4083 2106 4164 consu·

679 4205 802 4284 lentes
822 4207 970 4314 Majori
1001 4228 1040 4286 et
1060 4209 1217 4287 Ballivis
1246 4209 1428 4317 predictis
1459 4207 1508 4286 ad
1539 4233 1688 4314 eaque
1717 4204 1888 4314 superius
1919 4208 2007 4286 sunt
2036 4233 2107 4286 ex·

679 4328 801 4436 pressa
840 4330 891 4408 src
926 4329 1108 4410 volumus
1146 4331 1336 4410 observari
1372 4349 1414 4409 ut
1449 4329 1478 4409 sr
1512 4328 1705 4440 presentes
1741 4355 1823 4408 non
1858 4329 2104 4410 extiterimus

681 4451 870 4556 prestetur
883 4453 1155 4558 juramentum
1176 4456 1397 4562 predictum
1418 4479 1550 4532 coram
1572 4452 1649 4532 alio
1670 4478 1791 4559 quem
1811 4452 1899 4531 loco
1920 4449 2037 4532 nostri
2058 4449 2108 4528 ad

680 4572 759 4651 hoo
791 4574 1022 4654 duxerimus
1055 4577 1323 4684 assignandum
1385 4579 1433 4656 In
1453 4576 1565 4682 cujus
1592 4578 1647 4655 rei
1667 4574 1937 4654 testimonium
1957 4573 2026 4652 has
2054 4572 2108 4650 li·

681 4711 781 4773 teras
801 4698 943 4776 nostras
969 4697 1054 4776 fieri
1075 4698 1242 4777 fecimus
1263 4719 1438 4807 patentes
1451 4699 1570 4779 Teste
1585 4699 1659 4778 Me
1677 4698 1759 4805 ipso
1778 4695 1881 4805 apud
1901 4694 2107 4773 Westmo-

682 4817 893 4902 nasterium
923 4821 1029 4900 sexto
1058 4822 1121 4900 die
1150 4821 1352 4900 Februarii
1382 4825 1507 4901 Anno
1535 4823 1645 4929 regni
1673 4819 1791 4899 nostri
1816 4818 2110 4927 quadragefimo

516 4943 552 5045 ς.
577 4965 638 5023 11.
682 4941 791 5024 sexto
904 4945 1195 5023 Iussnxrnrus
1218 4945 1405 5051 quasdem
1425 4943 1517 5024 alias
1534 4945 1663 5026 literas
1682 4959 1859 5054 patentes
1879 4967 1976 5052 quas
2002 4940 2109 5019 idem

1998 5063 2107 5140 Avus
