5118 6544
1155 623 1669 720 CARTA

699 861 792 916 rum
824 851 893 924 aur
922 830 1148 910 Stacionarii
1177 829 1517 938 ⁰Pergamentarii
1545 826 1799 909 pLuminarii
1829 828 1893 910 vel
1928 827 2136 942 scriptores

700 961 743 1037 in
763 959 870 1037 dieto
885 952 1091 1032 hundredo
1105 953 1180 1032 five
1194 953 1379 1034 suburbio
1397 973 1685 1034 commorantes
1705 953 1753 1031 ad
1773 969 1937 1060 quotam
1957 956 2133 1064 aliquam

666 1129 670 1138 ·
701 1079 778 1160 five
809 1098 940 1158 taxam
971 1076 1192 1155 solvendam
1224 1077 1272 1154 de
1300 1077 1412 1154 bonis
1433 1075 1508 1154 suis
1527 1076 1676 1155 ibidem
1696 1075 1881 1155 affidendi
1899 1073 2048 1158 fuerint
2069 1078 2131 1158 vel

701 1203 862 1282 taxandi
895 1200 1157 1279 Cancellarius
1188 1200 1290 1278 dicte
1316 1199 1586 1278 Univerfitatis
1624 1199 1694 1307 qui
1732 1226 1804 1306 pro
1841 1187 2019 1306 tempore
2061 1199 2130 1279 su·

700 1329 774 1404 erit
806 1326 866 1403 vel
899 1323 981 1428 ejus
1012 1323 1114 1401 vices
1141 1347 1278 1430 gerens
1309 1339 1349 1400 et
1378 1349 1458 1400 non
1492 1321 1588 1400 alius
1618 1349 1691 1401 nec
1716 1321 1782 1401 alii
1802 1347 1867 1401 eos
1897 1319 2062 1401 fideliter
2092 1339 2133 1404 et

701 1447 990 1527 racionabiliter
1016 1446 1133 1551 juxta
1165 1445 1426 1552 quantitatem
1465 1445 1661 1523 bonorum
1699 1444 1858 1524 suorum
1897 1445 2131 1525 taxabilium

702 1569 856 1648 affideat
885 1589 1002 1676 atque
1030 1585 1137 1646 taxet
1166 1587 1205 1646 et
1233 1569 1444 1677 pecuniam
1472 1568 1523 1646 fic
1552 1565 1721 1647 afiefiam
1740 1595 1810 1677 per
1827 1565 2024 1646 ministros
2043 1568 2132 1646 suos

700 1691 820 1771 levari
864 1690 983 1770 faciat
1020 1691 1293 1769 colledloribus
1334 1690 1485 1769 ibidem
1518 1715 1587 1797 per
1625 1691 1849 1770 indenturas
1888 1690 2132 1770 liberandam

620 1852 630 1875 ·
700 1813 830 1894 Iram
862 1813 1144 1892 concordatum
1172 1811 1227 1890 est
1256 1813 1358 1890 inter
1380 1831 1508 1919 partes
1528 1814 1720 1920 predictas
1741 1832 1780 1893 et
1800 1840 1869 1922 per
1888 1813 2039 1892 dietum
2055 1812 2130 1892 do·

700 1938 856 2017 minum
882 1935 1129 2015 Richardum
1158 1932 1379 2014 concellum
1401 1961 1473 2043 pro
1497 1933 1534 2013 se
1553 1952 1593 2015 et
1609 1933 1818 2015 heredibus
1838 1934 1913 2014 suis
1933 1933 1961 2012 fi
1979 1935 2131 2042 placeat

699 2059 862 2139 domino
881 2057 985 2167 Regi
1005 2058 1111 2165 quod
1132 2057 1396 2137 Cancellarius
1421 2056 1526 2136 dicte
1552 2059 1824 2139 Univerfitatis
1845 2058 1915 2165 qui
1933 2082 2005 2164 pro
2024 2073 2129 2135 tem·

700 2208 794 2290 pore
822 2187 899 2259 'erit
924 2181 986 2257 vel
1015 2182 1099 2283 ejus
1127 2181 1230 2258 vices
1259 2207 1396 2287 gerens
1425 2179 1607 2260 homines
1637 2182 1680 2260 in
1708 2183 1815 2262 dieto
1843 2177 2048 2259 hundredo
2068 2175 2132 2258 vel

700 2301 885 2383 suburbio
914 2299 1119 2378 refidentes
1148 2301 1222 2378 five
1255 2318 1481 2379 tenemento
1513 2300 1703 2379 habentes
1730 2307 2026 2406 imperpetuum
2054 2298 2129 2378 ha-

702 2423 793 2504 beat
822 2452 892 2532 per
919 2423 1094 2501 censuras
1114 2420 1380 2501 ecclcfiasticas
1400 2423 1462 2500 vel
1480 2423 1558 2500 alio
1576 2423 1714 2528 quovis
1734 2421 1853 2501 modo
1872 2421 2015 2527 absque
2035 2445 2130 2529 pro·

700 2545 805 2626 ficuo
830 2547 905 2625 suis
935 2546 1063 2625 ufibus
1092 2546 1325 2655 applicando
1343 2544 1580 2652 compellere
1600 2545 1649 2622 ad
1665 2545 1769 2624 vicos
1790 2542 2036 2625 mundandos
2056 2571 2128 2622 co·

700 2695 786 2748 ram
820 2670 1056 2749 tenementis
1085 2667 1159 2745 suis
1188 2695 1209 2745 a
1232 2666 1335 2746 fimis
1367 2666 1541 2746 sordibus
1570 2665 1761 2746 fetoribus
1783 2666 1930 2746 truncis
1950 2665 2069 2773 lignis
2089 2681 2130 2746 et

701 2793 786 2871 aliis
815 2820 887 2901 pro
915 2790 1074 2870 tranfitu
1103 2789 1228 2869 libero
1257 2787 1456 2869 honestate
1485 2808 1525 2869 et
1553 2790 1756 2870 mundicia
1789 2788 1977 2868 nocituris
2011 2807 2050 2866 et
2081 2789 2130 2866 ad

701 2915 911 3023 reparanda
944 2915 1168 3021 pavimenta
1196 2913 1348 2989 ibidem
1380 2913 1567 3018 quociens
1597 2929 1636 2989 et
1656 2912 1814 3019 quando
1833 2937 1929 3018 opus
1950 2909 2069 2988 fucrit
2088 2911 2131 2988 in

607 3073 619 3113 ·.
700 3037 797 3116 locis
814 3036 964 3114 ibidem
979 3034 1099 3114 solitis
1116 3033 1263 3142 paviari
1370 3033 1500 3111 Itum
1519 3034 1801 3110 concordatum
1816 3033 1870 3109 est
1885 3034 1988 3108 inter
2008 3033 2130 3111 dictas

700 3180 828 3270 partes
861 3177 900 3236 et
931 3185 999 3265 per
1026 3158 1155 3265 ipsum
1184 3155 1394 3234 dominum
1428 3153 1676 3233 Richardum
1705 3151 1927 3232 concellum
1946 3152 2071 3259 prose
2091 3170 2131 3232 et
2203 3237 2204 3240 ,

703 3281 912 3360 heredibus
933 3280 1054 3362 suisfi
1083 3280 1235 3386 placeat
1263 3278 1425 3356 domino
1455 3279 1560 3384 Regi
1598 3275 1705 3383 quod
1735 3274 1998 3354 Cancellarius
2028 3276 2130 3354 dicte

702 3403 1008 3482 Univerfitatisq
1039 3403 1107 3509 qui
1125 3428 1196 3510 pro
1218 3419 1393 3509 tempore
1413 3401 1487 3478 erit
1506 3399 1567 3476 vel
1587 3399 1669 3504 ejus
1689 3400 1791 3475 vices
1810 3423 1948 3503 gerens
1968 3399 2131 3478 nomine

703 3526 973 3605 Univerfitatis
992 3527 1284 3633 imperpetuum
1305 3522 1447 3602 habeat
1466 3523 1507 3600 in
1528 3522 1634 3599 dieto
1653 3519 1857 3598 hundredo
1884 3519 1959 3596 five
1988 3519 2129 3598 subur·

702 3649 771 3727 bio
800 3651 952 3754 integre
982 3647 1127 3726 affisam
1158 3665 1197 3725 et
1225 3645 1380 3725 afiaiam
1409 3644 1676 3724 mensurarum
1706 3660 1746 3720 et
1783 3641 2002 3748 ponderum
2034 3666 2129 3721 cum

703 3768 976 3850 fortisfatturis
1007 3768 1150 3848 finibus
1180 3769 1492 3847 amerciamentis
1522 3784 1560 3844 et
1590 3766 1674 3842 aliis
1703 3762 1888 3872 proficuis
1917 3764 2009 3841 inde
2035 3789 2130 3872 pro-

702 3894 949 3972 venientibus
965 3891 1019 3970 set
1039 3890 1163 3971 nichil
1182 3891 1324 3972 habeat
1345 3892 1393 3971 de
1411 3891 1509 3970 lanis
1530 3888 1699 3968 venditis
1718 3906 1758 3965 et
1777 3885 1878 3965 male
1897 3886 2127 3966 mensuratis

700 4011 757 4094 Et
790 4017 896 4123 quod
925 4016 1005 4125 ipse
1037 4015 1300 4094 Cancellarius
1330 4014 1392 4094 vel
1431 4014 1514 4120 ejus
1553 4013 1656 4090 vices
1689 4035 1826 4118 gerens
1862 4010 2050 4116 quociens
2088 4023 2132 4087 et

703 4138 860 4246 quando
889 4165 986 4247 opus
1019 4136 1138 4218 fuerit
1167 4141 1271 4218 dieta
1298 4136 1494 4216 mensuras
1514 4153 1554 4213 et
1573 4134 1745 4242 pondera
1763 4132 2004 4240 supervideat
2025 4152 2065 4213 et
2084 4157 2129 4214 ea

703 4286 780 4367 que
810 4258 902 4338 falsa
929 4263 1122 4341 invenerit
1149 4263 1330 4340 comburi
1359 4279 1400 4339 et
1428 4257 1574 4338 destrui
1601 4255 1718 4336 faciat
1747 4277 1786 4333 er
1814 4254 1888 4332 alia
1915 4256 2055 4363 legalia
2088 4275 2128 4336 et

697 4381 800 4489 justa
830 4382 991 4490 deputet
1021 4405 1060 4464 et
1086 4384 1300 4492 confignari
1328 4380 1446 4461 faciat
1473 4406 1645 4460 necnon
1666 4377 1948 4488 transgrefiores
1969 4382 2135 4485 quosin-

506 4523 625 4629 §·⁶7·
706 4503 782 4586 hac
814 4524 924 4613 parte
952 4508 1145 4588 invenerit
1171 4507 1302 4586 debite
1322 4506 1460 4616 puniat
1479 4521 1519 4582 et
1537 4501 1703 4609 castiget.
1811 4502 1940 4580 laem
1962 4527 2136 4581 concor·

1021 4793 1025 4804 <
1120 4745 1338 4807 V-ARIAE
1379 4739 1721 4804 LECTIONES.

744 4955 759 4984 ⁹
771 4944 991 5034 Pergameuarii.
1012 4944 1054 5005 H.
1071 4946 1122 5007 fol.
1137 4949 1188 5026 78.
1480 4954 1494 4994 ¹
1514 4944 1603 5022 destant
1625 4943 1675 5021 qui
1700 4961 1752 5021 pro
1772 4955 1902 5019 tempore
1922 4941 1977 5001 erit
2000 4941 2046 4999 vel
2068 4944 2136 5019 ejus·

745 5052 758 5092 Ι
773 5043 996 5102 Illuminatores.
1038 5045 1069 5103 Η
1092 5046 1144 5104 fol.
1159 5049 1207 5121 78.
1433 5042 1511 5103 vices
1524 5060 1624 5120 gerens
1640 5040 1757 5100 nourine
1769 5038 1987 5106 ,Univerfitstia
2019 5035 2062 5097 H.
2074 5038 2128 5098 fot.

763 5142 929 5204 Liminaril.
952 5141 1061 5207 tarot.
1080 5162 1148 5223 ¹03·
1164 5163 1231 5225 ¹35·
1250 5125 1324 5206 162}
1440 5148 1500 5226 78..

1988 5221 2126 5300 datum
