5118 6544
560 619 616 706 rs)
1162 611 1691 705 CARTA.

710 771 972 850 Cancellarius
1008 787 1075 848 aut
1105 771 1275 848 Scolares
1297 798 1367 848 nec
1388 770 1553 877 predicti
1575 769 1707 873 Major
1727 785 1764 846 et
1785 769 1999 878 Burgenses
2022 771 2137 850 alicui

704 897 890 999 conqueri
922 893 958 970 se
979 894 1123 970 volenti
1145 892 1341 970 occasione
1362 894 1521 998 alicujus
1543 892 1842 998 transgressionis
1863 911 1951 970 ante
1963 903 2137 972 'concor-

704 1017 809 1094 diam
830 1016 1044 1122 predistam
1067 1015 1134 1092 fibi
1155 1016 1260 1093 illate
1280 1016 1470 1092 auxilium
1487 1043 1558 1094 nec
1579 1016 1783 1092 consilium
1805 1012 2050 1095 exhibebunt
2070 1039 2136 1095 aut

698 1138 886 1243 juvamen
915 1141 974 1215 vcl
1019 1137 1151 1244 aliquo
1182 1139 1301 1215 modo
1333 1138 1599 1216 sustentabunt
1634 1140 1674 1214 in
1711 1139 1856 1244 placito
1894 1139 1963 1215 illo
2001 1141 2132 1246 prose-

705 1263 861 1366 quendo
895 1261 1139 1339 defendendo
1168 1281 1233 1338 aut
1265 1263 1305 1337 in
1327 1260 1521 1368 aliquibus
1543 1263 1733 1367 placitum
1756 1262 1852 1338 illud
1885 1263 2134 1368 tangentibus

704 1385 756 1459 Et
790 1383 815 1460 fi
849 1383 949 1461 sorte
983 1388 1183 1490 contingat
1215 1384 1416 1490 querelam
1447 1385 1618 1491 aliquam
1652 1383 1895 1490 temporibus
1938 1385 2134 1462 retroactis

704 1505 846 1582 fastam
878 1534 1009 1584 coram
1044 1507 1286 1584 Cancellario
1318 1505 1588 1585 Universrtatis
1619 1507 1789 1613 predicte
1817 1507 1993 1584 innovari
2014 1507 2134 1584 iidem

706 1630 969 1706 Cancellarius
991 1650 1028 1705 et
1051 1630 1220 1708 Scolares
1240 1629 1367 1737 prose
1397 1649 1435 1706 et
1456 1629 1723 1707 tCancellario
1754 1631 2007 1736 imposterum
2048 1629 2133 1706 suc-

704 1751 934 1829 cedentibus
971 1752 1175 1830 bonafide
1205 1753 1465 1859 promiserunt
1494 1752 1600 1858 quod
1630 1751 1801 1830 favorem
1838 1753 2026 1856 majorem
2066 1765 2133 1827 aut

701 1876 874 1978 graciam
894 1874 957 1952 seu
978 1875 1299 1953 sustentacionem
1320 1876 1461 1952 clerico
1483 1901 1602 1980 quam
1623 1874 1722 1953 laico
1743 1874 2023 1980 cujuscumque
2044 1872 2131 1950 sue·

707 1997 1006 2074 ritcondicionis
1024 2025 1100 2074 non
1117 1999 1481 2105 impendentimnro
1496 1999 1594 2102 juris
1614 1999 1749 2076 ordine
1762 2005 1775 2034 ⁰
1790 1996 1988 2074 observato
2002 1995 2134 2073 nullow

705 2117 911 2223 prehabito
945 2120 1116 2223 respestu
1154 2121 1200 2196 ad
1233 2120 1433 2227 personam
1465 2145 1756 2227 quamcumque
1798 2121 1837 2195 in
1881 2120 2037 2224 querela
2068 2118 2136 2194 illa

707 2241 780 2316 rite
812 2240 1024 2346 procedent
1063 2260 1101 2317 et
1139 2241 1319 2316 debiturn
1358 2260 1396 2317 et
1435 2239 1621 2317 festinum
1660 2244 1816 2345 utrique
1855 2245 1955 2348 parti
1992 2240 2138 2318 sacient

530 2370 567 2470 ᾗ.
592 2365 655 2444 26.
702 2361 859 2467 justicie
888 2361 1225 2469 complementum
1338 2363 1392 2438 Et
1425 2361 1471 2438 ad
1507 2361 1618 2437 istam
1655 2363 1905 2438 concordiam
1938 2379 1976 2437 et
2012 2363 2137 2437 eciam

708 2503 938 2591 perpetuam
972 2513 1109 2591 pacem
1140 2503 1179 2560 et
1208 2482 1361 2560 firmam
1383 2484 1485 2560 inter
1507 2481 1697 2589 predietas
1717 2501 1844 2589 partes
1865 2483 2043 2560 decctero
2063 2481 2136 2559 ob-

709 2605 935 2683 servandam
964 2606 1128 2711 prodisti
1150 2606 1281 2710 Major
1300 2624 1339 2682 et
1360 2605 1561 2712 Burgentis
1582 2603 1746 2681 firmiter
1767 2624 1805 2682 et
1826 2606 1927 2682 bona
1948 2605 2023 2682 fide
2043 2631 2135 2712 pro-

709 2727 898 2806 miserunt
930 2728 1035 2833 quod
1067 2751 1203 2804 omnes
1236 2726 1433 2804 libertates
1463 2746 1502 2804 et
1539 2727 1679 2804 liberas
1714 2726 2013 2806 consuetudines
2043 2752 2137 2833 quas

708 2849 875 2956 predisti
893 2850 1158 2926 Cancellarius
1175 2866 1213 2924 et
1231 2848 1401 2925 Scolares
1421 2847 1568 2926 habent
1589 2877 1658 2956 per
1678 2867 1799 2927 cartas
1820 2869 1859 2927 et
1879 2849 2137 2928 conceffiones

707 2972 858 3049 domini
879 2973 998 3076 Regis
1020 2989 1057 3047 et
1077 2971 1373 3076 progenitorum
1394 2969 1551 3046 suorum
1572 2990 1610 3048 et
1630 2971 1754 3047 eciam
1774 2999 1910 3050 omnes
1931 2972 2022 3049 alias
2039 2999 2137 3050 con·

708 3093 928 3172 suetudincs
945 3092 1089 3199 quibus
1105 3092 1227 3168 iidem
1244 3091 1508 3169 Cancellarius
1525 3109 1563 3168 et
1584 3090 1756 3168 Scolares
1777 3093 2063 3171 racionabiliter
2083 3092 2137 3170 ufi

710 3214 798 3292 sunt
826 3216 924 3292 bene
945 3234 982 3291 et
1004 3213 1168 3291 firmiter
1189 3214 1380 3292 tenebunt
1400 3233 1439 3290 et
1459 3213 1627 3293 fideliter
1648 3215 1771 3292 teneri
1790 3212 1934 3293 sacient
1960 3216 2139 3293 decetero

645 3398 655 3422 .
712 3336 789 3414 fine
811 3336 940 3442 aliqua
959 3335 1274 3442 contradiccione
1385 3337 1454 3415 ET
1479 3338 1572 3443 quia
1591 3336 1715 3415 visum
1737 3334 1815 3414 fuit
1836 3337 1979 3414 eisdem
1995 3337 2141 3442 Majori

711 3478 750 3536 et
770 3457 1027 3565 Burgenfibus
1051 3458 1156 3564 qnod
1177 3457 1342 3564 predisti
1363 3459 1627 3538 Cancellarius
1655 3477 1694 3536 et
1715 3458 1884 3536 Scolares
1904 3458 2140 3564 quibusdam

711 3579 1058 3659 consuetudinibus
1079 3581 1119 3656 in
1139 3581 1252 3657 cartis
1273 3580 1424 3658 domini
1444 3584 1564 3690 Regis
1592 3600 1631 3661 et
1659 3581 1956 3689 progenitorum
1984 3579 2142 3657 suorum

713 3703 784 3781 fibi
804 3701 914 3780 fanis
936 3701 1152 3779 abutuntur
1171 3719 1209 3778 et
1243 3702 1473 3808 quibusdam
1494 3706 1552 3783 uti
1572 3705 1754 3784 nituntur
1774 3705 1911 3810 quein
1931 3702 2045 3780 cartis
2065 3703 2140 3781 suis

713 3853 792 3906 non
826 3825 1079 3902 continentur
1098 3841 1137 3902 et
1158 3850 1234 3929 que
1254 3826 1295 3902 in
1315 3823 1663 3906 exheredacionem
1692 3826 1807 3934 ipfius
1837 3825 1989 3905 domini
2019 3825 2141 3932 Regis

712 3975 854 4027 corone
874 3963 913 4024 et
933 3947 1134 4053 dignitatis
1155 3947 1218 4023 sue
1239 3946 1424 4026 lesionem
1444 3948 1645 4028 manifeste
1666 3949 1884 4029 redundant
1903 3947 2025 4025 iidem
2045 3948 2141 4025 M'a-

706 4071 771 4176 jor
789 4088 829 4148 et
860 4069 1072 4175 Burgenses
1092 4068 1281 4176 quosdam
1301 4071 1481 4150 articulos
1502 4071 1732 4180 subscriptos
1755 4071 1836 4180 ipso
1855 4071 2018 4150 domino
2038 4070 2141 4176 Regi

710 4210 966 4300 porrexerunt
995 4190 1252 4298 supplicantes
1282 4211 1325 4271 ut
1354 4194 1495 4274 auditis
1526 4194 1697 4275 articulis
1717 4195 1793 4274 illis
1813 4211 1854 4274 et
1871 4193 2081 4273 intellectis
2100 4195 2140 4271 in

712 4315 909 4420 presencia
933 4332 1014 4392 tam
1046 4315 1218 4423 ipsorum
1240 4317 1405 4422 Majoris
1425 4336 1465 4396 et
1486 4318 1712 4427 Burgesrum
1733 4345 1852 4424 quam
1876 4318 2143 4425 predictorum

714 4435 946 4516 Cancellarii
978 4454 1016 4514 et
1048 4439 1263 4516 Scolarium
1293 4440 1472 4520 debitum
1501 4459 1540 4521 et
1569 4458 1801 4549 perpetuum
1824 4457 1993 4549 apponat
2012 4464 2141 4516 reme·

1085 4677 1336 4736 VARIAE
1377 4679 1771 4740 LECTIONES.

758 4773 965 4836 tCancellariia
1006 4776 1049 4835 H.
1064 4776 1115 4838 sol.
1137 4795 1182 4857 ¹5·
1490 4794 1503 4823 ¹¹
1526 4782 1557 4840 in
1572 4784 1706 4842 omnibus
1746 4785 1787 4842 H.
1802 4783 1855 4841 sol.
1870 4801 1916 4860 ις.

1491 4884 1510 4914 '
1530 4877 1640 4937 habito.
1682 4877 1724 4938 H.
1740 4877 1790 4937 fot.
1810 4893 1856 4956 ις.
