5118 6544
934 585 973 677 r.
1044 585 1168 676 nn
1205 583 1283 676 w.
1355 581 1439 676 rv.
1957 616 2021 703 41

448 769 498 849 ad
527 763 675 847 sesiam
695 763 811 876 partis
831 788 901 871 per
920 761 1079 842 scolares
1101 781 1140 841 et
1159 764 1273 841 laicas
1286 780 1288 786 ’
1294 781 1430 872 gentes
1449 757 1621 867 ejusdem
1640 759 1731 841 ville
1750 776 1789 839 et
1809 785 1877 869 per

450 891 548 970 alios
577 891 777 996 inquirant
806 902 846 964 et
874 887 1008 964 omnia
1036 884 1260 991 hujusmodi
1292 886 1435 993 placita
1462 911 1594 963 coram
1624 884 1730 962 dicto
1767 883 1877 961 Can·

450 1013 605 1092 cellario
635 1028 674 1090 et
704 1005 976 1088 successoribus
1010 1007 1085 1086 suis
1114 1035 1251 1086 eorum
1281 1005 1549 1088 commissoriis
1577 1005 1652 1084 five
1678 1005 1875 1084 locumte-

449 1133 634 1213 nentibus
669 1134 710 1211 in
742 1130 871 1209 forma
906 1130 1078 1236 predisla
1123 1113 1281 1208 audiant
1325 1147 1364 1206 et
1417 1129 1632 1207 terminent
1675 1147 1715 1206 et
1753 1125 1876 1205 trans-

447 1254 631 1362 greffores
659 1271 796 1332 contra
821 1278 960 1359 pacem
993 1253 1172 1329 inventos
1204 1251 1417 1359 culpabiles
1437 1277 1506 1358 per
1525 1249 1877 1328 incarceracionem

448 1377 510 1454 vel
538 1375 613 1466 alio
634 1377 753 1455 rnodo
773 1373 1001 1452 racionabili
1021 1372 1151 1451 debite
1170 1373 1358 1480 castigent
1475 1373 1545 1448 ΕΤ
1565 1373 1670 1479 quod
1692 1391 1772 1449 tarn
1785 1369 1876 1473 Jus·
1916 1381 1952 1486 §
1975 1379 2041 1464 80,

447 1499 587 1578 ticiarii
613 1498 661 1576 ad
689 1497 833 1604 placita
851 1521 984 1573 coram
1003 1494 1115 1573 nobis
1136 1512 1175 1572 et
1192 1493 1400 1573 heredibus
1421 1493 1556 1574 nostris
1577 1492 1743 1572 tenenda
1762 1491 1875 1600 affig-

446 1622 529 1698 nati
569 1637 608 1698 et
641 1617 854 1726 assignandi
888 1643 933 1694 ac
963 1617 1173 1720 Justiciarii
1209 1616 1328 1696 nostri
1365 1615 1623 1695 etheredum
1656 1614 1876 1694 nostrorum

445 1759 528 1820 tam
548 1742 596 1820 de
630 1741 834 1822 communi
860 1740 985 1816 banco
1013 1766 1134 1846 quarn
1164 1738 1228 1817 alii
1257 1738 1415 1840 Judices
1444 1741 1686 1844 quicumque
1714 1739 1755 1815 in
1783 1762 1876 1842 pre-

448 1863 575 1942 sencia
602 1855 619 1902 ¹²
645 1882 684 1942 et
714 1861 891 1939 absencia
923 1858 1049 1938 nostra
1079 1878 1119 1937 et
1146 1858 1336 1937 heredum
1356 1859 1574 1938 nostrorum
1594 1857 1746 1965 prefato
1766 1859 1874 1936 Can-

446 1984 605 2062 cellario
635 2001 675 2061 et
699 1979 973 2062 successoribus
1007 1981 1082 2060 suis
1109 2007 1153 2058 ac
1175 2008 1311 2059 eorum
1330 1980 1598 2060 commissoriis
1618 1999 1657 2057 et
1676 1978 1873 2059 locumte-

446 2106 631 2184 nentibus
652 2106 700 2183 de
726 2102 967 2182 omnimodis
997 2103 1150 2209 placitis
1175 2102 1401 2210 supradidiis
1430 2101 1576 2183 faciant
1595 2102 1874 2181 allocucionem

445 2227 525 2304 fine
553 2225 781 2306 difficultate
809 2225 869 2303 vel
888 2226 1176 2331 impedimento
1196 2251 1448 2330 quocumque
1564 2225 1633 2301 ΕΤ
1655 2224 1761 2331 quod
1782 2223 1874 2302 nul·
1913 2239 1995 2348 Μ
2026 2299 2038 2322 ,

445 2347 507 2425 lus
540 2349 781 2450 Justiciarius
814 2346 888 2423 sive
916 2346 1047 2448 Judex
1074 2347 1116 2423 in
1145 2345 1341 2454 presencia
1370 2346 1431 2424 vel
1461 2344 1637 2425 absencia
1663 2346 1791 2424 nostra
1810 2345 1876 2424 seu

443 2466 635 2548 heredum
659 2466 877 2548 nostrorum
906 2466 1137 2546 Vicecomes
1158 2467 1290 2573 Major
1310 2468 1480 2547 Ballivus
1501 2468 1564 2546 seu
1585 2466 1682 2544 alius
1699 2465 1875 2546 minister

447 2594 690 2698 quicumque
723 2590 771 2668 de
802 2587 1028 2694 hujusmodi
1061 2589 1216 2698 placitis
1250 2590 1311 2669 vel
1346 2588 1543 2696 aliquibus
1578 2587 1791 2667 eorundem
1837 2589 1875 2667 se

442 2711 683 2792 intromittat
711 2738 783 2789 nec
810 2728 961 2819 partem
981 2710 1029 2789 ad
1049 2710 1360 2817 respondendum
1380 2712 1619 2790 indecoram
1644 2710 1735 2817 ipsis
1755 2731 1876 2818 ponat

441 2833 497 2913 set
530 2834 637 2941 quod
671 2860 757 2941 pars
787 2833 856 2911 illa
883 2858 1016 2911 coram
1045 2831 1151 2909 disto
1180 2830 1424 2910 Cancellario
1448 2849 1487 2909 et
1507 2830 1778 2910 successoribus
1799 2830 1874 2912 suis

441 2983 577 3036 eorum
611 2952 879 3034 commissoriis
906 2954 981 3029 five
1003 2951 1365 3029 locumtenentibus
1384 2951 1475 3028 inde
1491 2951 1738 3030 solummodo
1757 2950 1872 3036 casti-

442 3094 556 3182 getur
571 3092 610 3151 et
629 3076 815 3182 puniatur
832 3073 875 3149 in
894 3068 1022 3148 forma
1049 3070 1221 3177 predida
1342 3073 1413 3150 Er
1446 3072 1553 3178 quod
1572 3070 1678 3150 idern
1699 3073 1869 3152 Cancel·
1910 3093 1993 3202 §.8
2025 3154 2035 3174 ,

440 3197 558 3276 larius
585 3214 624 3274 et
658 3192 885 3273 successores
914 3191 971 3270 sui
996 3218 1133 3270 eorum
1168 3191 1419 3271 commissarii
1452 3194 1526 3272 srve
1558 3193 1868 3276 locumtenentes

441 3317 649 3426 supradidti
669 3317 964 3423 imperpetuum
983 3315 1261 3394 execucionem
1278 3315 1327 3392 de
1345 3316 1526 3394 universis
1545 3315 1716 3424 personis
1735 3343 1869 3399 coram

443 3441 572 3550 seipsis
589 3441 637 3518 de
663 3435 888 3541 hujusmodi
908 3435 1264 3545 transgreffionibus
1284 3455 1324 3515 et
1343 3433 1653 3544 mesprisronibirs
1679 3440 1868 3519 convictis

443 3579 482 3640 et
526 3561 611 3638 aliis
654 3558 1004 3640 manutenentibus
1047 3556 1132 3636 fieri
1169 3575 1209 3636 et
1243 3558 1527 3665 transgressores
1566 3559 1667 3638 infra
1700 3560 1868 3640 castrum

443 3681 618 3762 nostrum
648 3681 765 3758 Oxon
796 3700 836 3759 et
865 3681 960 3760 alibi
988 3682 1030 3759 in
1050 3681 1154 3758 dista
1173 3679 1265 3758 villa
1285 3698 1323 3759 et
1346 3678 1537 3761 suburbiis
1557 3681 1728 3787 ejusdem
1752 3683 1868 3788 juxta

442 3805 718 3884 discrecionem
745 3801 852 3880 suam
880 3801 1124 3911 imprisonari
1153 3799 1298 3881 faciant
1413 3803 1484 3882 Er
1507 3804 1613 3910 quod
1634 3803 1865 3884 Vicecomes
1919 3828 1955 3931 §.
1978 3821 1998 3902 8
2006 3851 2040 3932 3,

443 3928 562 4006 Oxon
594 3925 658 4005 seu
687 3923 814 4002 custos
845 3923 956 4004 castri
984 3924 1149 4031 predicti
1172 3941 1239 4004 aut
1259 3924 1390 4031 Major
1419 3944 1458 4002 et
1491 3925 1627 4004 Ballivi
1653 3925 1746 4004 ville
1774 3953 1864 4033 pre-

440 4049 542 4128 dicte
577 4075 648 4158 pro
674 4064 851 4154 tempore
877 4045 1080 4124 existentes
1099 4042 1322 4150 hujusmodi
1343 4047 1623 4154 transgressores
1642 4047 1689 4126 ad
1708 4049 1864 4127 ordina-

442 4172 599 4250 cionem
629 4188 668 4247 et
694 4169 924 4247 mandatum
943 4167 1106 4276 predicli
1127 4166 1357 4246 Cancellarii
1378 4188 1418 4246 et
1437 4169 1689 4248 successorum
1709 4169 1866 4250 suorum

440 4312 479 4371 et
498 4319 636 4372 eorum
655 4287 1005 4370 commissariorum
1029 4306 1068 4368 et
1100 4277 1461 4370 locumtenencium
1481 4293 1650 4400 recipere
1675 4293 1867 4374 custodire

440 4434 480 4494 et
513 4415 725 4494 deliberare
756 4430 961 4492 teneantur
1023 4413 1116 4491 Hiis
1143 4411 1303 4491 testibus
1328 4414 1612 4492 venerabilibus
1631 4418 1804 4521 patribus
1824 4417 1863 4496 R

440 4537 619 4616 London’
641 4538 698 4614 W
722 4537 914 4643 Wynton'
942 4535 1184 4615 Cancellario
1218 4534 1347 4614 nostro
1379 4555 1419 4615 et
1450 4537 1507 4615 W
1527 4539 1718 4616 Dunolm'
1747 4536 1862 4644 Epis-

438 4662 549 4767 copis
579 4657 771 4738 carissimo
800 4657 1009 4739 Avunculo
1038 4657 1166 4739 nostro
1194 4655 1373 4761 Johanne
1403 4659 1517 4738 Duce
1545 4658 1785 4765 Aquitannie
1823 4677 1862 4736 et

440 4781 659 4861 Lancaslrie
685 4777 884 4860 Richardo
913 4779 1105 4860 Arundell
1124 4777 1284 4859 Thoma
1309 4781 1358 4860 de
1386 4781 1489 4860 bello
1517 4782 1669 4886 Campo
1700 4781 1862 4858 Warre·

802 4959 1054 5024 VAR1AE
1099 4957 1495 5019 LECTIONES.

993 5064 1007 5106 ¹¹
1029 5065 1085 5126 vel.
1106 5065 1152 5124 H.
1169 5065 1220 5128 sol.
1240 5066 1306 5144 164.

1102 5151 1135 5228 F
1761 5151 1866 5261 wyk'
