5118 6544
915 607 953 701 r.
1027 607 1149 700 En
1186 609 1264 702 w.
1335 611 1420 705 rv.
1963 652 2026 750 4³

450 805 532 870 tam
564 789 791 872 debitorum
818 811 1098 901 compotorum
1127 811 1167 874 et
1195 819 1540 902 quorumcumque
1577 791 1743 872 aliorum
1779 818 1878 876 con·

449 916 648 992 tractuum
681 933 721 994 et
753 915 984 1020 injuriarum
1015 943 1135 1023 quam
1164 915 1501 1024 transgressionum
1529 932 1663 994 contra
1682 941 1818 1022 pacem
1839 933 1879 996 et

449 1035 744 1141 mesprisronum
774 1055 812 1114 et
844 1039 1026 1116 omnium
1053 1037 1215 1118 aliarum
1247 1039 1451 1118 accionum
1481 1036 1742 1146 personalium
1774 1035 1876 1116 insta

448 1155 582 1234 villam
603 1159 720 1237 oxon
735 1176 775 1237 et
789 1157 971 1238 suburbia
983 1159 1154 1267 ejusdem
1169 1179 1209 1240 et
1222 1161 1294 1239 alia
1306 1159 1391 1242 loca
1404 1185 1652 1267 quecumque
1664 1156 1768 1237 infra
1780 1185 1874 1267 pro·

445 1276 620 1358 cinctum
637 1280 904 1362 Univerfitatis
917 1283 1090 1389 predicte
1103 1281 1297 1362 fastorum
1311 1280 1457 1360 felonia
1475 1298 1515 1360 et
1535 1279 1734 1361 mahemio
1750 1280 1871 1360 dum·

446 1413 553 1475 taxat
580 1405 754 1509 exceptis
793 1403 860 1482 ubi
897 1404 1087 1512 Magister
1112 1412 1126 1460 l
1157 1422 1196 1484 et
1223 1405 1386 1482 Scolaris
1414 1403 1479 1482 seu
1509 1402 1673 1482 serviens
1692 1401 1875 1509 Magistri

444 1518 506 1596 vel
534 1521 696 1602 Scolaris
723 1541 789 1603 aut
814 1529 1041 1606 communis
1073 1526 1247 1607 minister
1273 1525 1334 1604 vel
1353 1526 1427 1604 alia
1445 1551 1694 1633 quecumque
1712 1525 1874 1632 persona

445 1665 523 1744 que
556 1643 752 1750 aliquibus
781 1647 1078 1755 privilegiorum
1111 1649 1172 1726 vel
1202 1647 1431 1727 libertatum
1465 1648 1568 1725 diste
1603 1646 1871 1725 Univerfitatis

446 1762 642 1868 gaudere‘¹
672 1767 832 1847 deberet
854 1797 953 1875 quos
972 1771 1167 1878 predistus
1186 1768 1449 1849 Cancellarius
1469 1768 1530 1847 vel
1550 1764 1774 1847 successores
1807 1766 1867 1846 sui

443 1899 510 1960 aut
524 1911 660 1965 eorum
672 1889 934 1968 Commissarii
948 1891 1023 1970 srve
1039 1891 1349 1970 locumtenentes
1365 1916 1435 1998 pro
1449 1889 1589 1969 talibus
1601 1889 1868 1994 calumpniare

440 2002 632 2085 ‘volucrit
664 2029 746 2088 erat
773 2013 834 2088 vel
862 2009 964 2090 soret
995 2039 1070 2091 una
1098 2013 1275 2121 parcium
1304 2028 1385 2090 tam
1405 2011 1453 2090 de
1472 2009 1694 2117 hujusmodi
1712 2009 1865 2117 placitis

441 2138 538 2203 tunc
554 2131 814 2233 pendentibus
833 2134 873 2212 in
894 2161 1144 2242 quacumque
1172 2131 1304 2242 placea
1332 2135 1541 2212 extiterant
1569 2158 1690 2240 quam
1719 2149 1865 2212 extunc

437 2245 669 2355 incipiendis
781 2257 851 2334 ΕΤ
883 2254 1107 2358 hujusmodi
1135 2255 1278 2363 placita
1306 2261 1515 2334 'tenerent
1541 2255 1583 2331 in
1613 2279 1864 2362 quocumque
1902 2263 2026 2370 §.'86.

436 2363 525 2445 loco
556 2371 658 2449 insta
686 2373 820 2451 villam
849 2375 1065 2482 predidlam
1090 2394 1130 2456 et
1148 2376 1332 2458 suburbia
1350 2376 1521 2482 ejusdem
1541 2392 1581 2452 et
1600 2375 1640 2454 in
1661 2375 1745 2456 aliis
1765 2375 1862 2456 locis

436 2489 748 2600 quibuscumque
780 2493 884 2574 infra
915 2499 1164 2604 procinctum
1192 2499 1365 2606 predid’te
1397 2495 1665 2576 Univerfitatis
1686 2495 1862 2604 eis‘pla-

437 2611 535 2689 cerit
567 2631 607 2691 et
641 2617 733 2694 inde
763 2621 1043 2700 execucionem
1074 2620 1287 2699 secundum
1319 2647 1457 2700 eorum
1489 2618 1593 2726 leges
1626 2635 1667 2695 et
1699 2618 1863 2698 consue-

437 2731 591 2814 tudines
618 2735 679 2815 vel
705 2765 774 2844 per
798 2739 928 2848 legem
951 2741 1083 2850 Regni
1103 2740 1160 2820 sui
1180 2742 1228 2820 ad
1247 2741 1490 2820 voluntatem
1510 2738 1673 2847 predicti
1692 2739 1862 2820 Cancel-

433 2849 519 2932 larii
538 2873 578 2934 et
597 2859 851 2940 successorum
867 2862 1025 2941 suorum
1044 2862 1394 2941 commissariorum
1418 2864 1482 2939 seu
1501 2861 1863 2941 locumteneucium

433 2976 592 3056 suorum
622 2979 794 3058 facerent
823 3002 863 3057 et
895 2983 944 3058 de
972 2980 1198 3085 hujusmodi
1224 2980 1578 3086 transgressionibus
1607 2998 1689 3058 tam
1715 3007 1764 3058 ex
1793 2979 1858 3060 os·

433 3091 526 3173 ficio
545 3124 666 3202 quam
686 3099 733 3177 ad
754 3099 895 3178 sectam
915 3101 1035 3207 partis
1055 3127 1125 3210 per
1148 3100 1307 3180 scolares
1327 3120 1366 3180 ct
1385 3101 1500 3179 laicas
1519 3116 1655 3210 gentes
1686 3100 1857 3205 ejusdem
1892 3205 1898 3216 ἱ

399 3261 404 3270 ·
434 3217 525 3294 ville
544 3237 584 3298 et
606 3245 675 3328 per
687 3213 788 3300 'alios
808 3223 1008 3328 inquirant
1028 3241 1067 3302 et
1087 3225 1218 3302 omnia
1238 3221 1462 3329 hujusmodi
1481 3222 1624 3330 placita
1642 3249 1774 3304 coram
1793 3223 1856 3304 di·

431 3341 495 3418 Cto
525 3342 768 3421 Cancellario
796 3363 836 3424 et
864 3342 1136 3424 successoribus
1165 3344 1239 3424 suis
1258 3371 1394 3424 eorum
1414 3343 1680 3424 commissariis
1699 3345 1774 3424 five
1792 3346 1855 3425 lo-

430 3464 747 3562 cumtencntibus
781 3463 978 3544 informa
1007 3467 1410 3574 predistauaudirent
1445 3486 1485 3545 et
1520 3467 1775 3548 terminarent
1813 3487 1853 3547 et

430 3584 726 3691 transgressores
747 3604 883 3666 contra
894 3615 1031 3695 pacem
1054 3591 1232 3668 inventos
1251 3589 1465 3697 culpabiles
1484 3615 1554 3696 per
1572 3591 1850 3670 incarceracio·

429 3729 523 3783 nem
552 3706 614 3784 vel
642 3707 718 3786 alio
739 3709 858 3787 modo
877 3710 1104 3791 racionabili
1123 3711 1255 3789 debite
1274 3709 1534 3818 wcastigarent
1650 3712 1720 3788 ΕΤ
1743 3711 1850 3817 quod
1890 3703 1925 3810 §·
1948 3697 2013 3813 87·

430 3840 512 3904 tam
541 3827 752 3930 Justiciarii
780 3830 827 3908 ad
858 3831 1001 3938 placita
1025 3859 1159 3912 coram
1184 3832 1268 3941 ipso
1296 3831 1497 3912 Richardo
1526 3858 1651 3940 nuper
1670 3833 1782 3939 Rege
1810 3851 1850 3914 et

425 3943 635 4028 heredibus
655 3953 731 4030 suis
753 3955 918 4032 tenenda
937 3954 1111 4062 assignati
1130 3955 1191 4033 vel
1212 3955 1424 4062 affignandi
1444 3981 1487 4034 ac
1506 3953 1717 4057 Jusliciarii
1735 3952 1792 4032 sui
1808 3971 1849 4034 et

428 4065 619 4151 heredum
644 4073 802 4152 suorum
819 4094 900 4154 tam
920 4076 969 4154 de
981 4078 1188 4156 communi
1211 4077 1334 4155 banco
1353 4103 1473 4184 quam
1493 4076 1560 4155 alii
1577 4075 1736 4180 Judices
1756 4077 1849 4182 quir·

426 4219 597 4300 cumque
616 4197 657 4273 in
677 4197 874 4303 presencia
892 4215 931 4276 et
951 4197 1126 4277 absencia
1145 4199 1318 4306 ejusdem
1336 4207 1350 4238 ¹
1370 4225 1493 4306 nuper
1513 4199 1635 4306 Regis
1663 4217 1702 4276 et
1731 4195 1846 4278 here:-

425 4314 520 4394 dum
555 4317 713 4398 suorum
743 4318 894 4428 prefato
923 4320 1166 4400 Cancellario
1195 4339 1236 4399 ct
1255 4320 1530 4401 successoribus
1551 4320 1625 4400 suis
1647 4345 1691 4399 ac
1711 4347 1848 4400 eorum

787 4557 1040 4619 VARIAE
1082 4559 1478 4620 LECTIONES.

466 4713 549 4774 vves.
572 4713 612 4774 H.
622 4715 673 4774 sol.
691 4717 758 4795 ¹⁶5·
855 4777 857 4782 ,
1199 4727 1208 4759 ¹
1229 4721 1379 4800 placuerit.
1402 4721 1443 4778 H.
1459 4717 1509 4778 sol.
1525 4717 1592 4797 165.

465 4821 479 4859 *ἱ
493 4813 606 4871 debeat.
631 4815 673 4875 H.
689 4817 740 4874 sol.
758 4816 826 4898 165.
1199 4829 1212 4859 ⁸
1232 4823 1351 4880 audiant
1363 4835 1390 4877 et
1406 4820 1572 4878 terminent.
1614 4814 1718 4873 11101.
1733 4812 1800 4872 166.

465 4921 476 4948 ¹
496 4914 653 4974 voluerint.
675 4918 717 4977 H.
732 4919 782 4977 sol.
802 4923 868 5005 165.
1198 4932 1219 4962 '
1231 4925 1378 4999 castigent.
1400 4923 1441 4980 H.
1456 4923 1506 4979 sol.
1525 4919 1593 4978 166.

465 5021 620 5074 'teneant
644 5015 686 5076 H.
699 5018 751 5079 sol.
771 5021 839 5100 165.
1201 5029 1216 5059 ¹
1231 5021 1384 5082 Richards:
1415 5020 1456 5081 H.
1473 5019 1525 5079 sol.
1544 5017 1611 5080 166.

1164 5167 1240 5246 Fa
