5118 6544
1133 520 1643 616 CARTA

676 727 853 807 cellarius
885 743 924 804 et
953 726 1186 805 Vicecomes
1214 725 1366 806 domini
1390 731 1511 836 Regis
1540 728 1659 803 Oxon
1679 743 1788 804 extra
1821 727 1956 808 villam
1985 731 2107 813 Oxou

678 852 748 956 qui
777 876 849 957 pro
880 867 1056 956 tempore
1087 849 1234 928 suerint
1265 850 1312 926 de
1346 850 1683 930 Forstallatoribus
1716 850 1793 927 illis
1822 848 1993 932 habeant
2007 881 2106 962 cog-

680 973 880 1051 nicionem
911 974 971 1050 lta
1002 973 1108 1079 quod
1126 1000 1183 1050 res
1211 967 1408 1052 forisfaue
1436 974 1484 1052 de
1509 972 1653 1051 assensu
1674 973 1908 1053 Cancellarii
1937 996 1976 1054 et
2008 978 2105 1054 Ma·

676 1095 774 1200 joris
807 1093 909 1172 infra
928 1095 1064 1172 villam
1086 1096 1204 1174 Oxon
1227 1113 1265 1172 et
1294 1098 1419 1176 eciam
1439 1097 1487 1175 de
1508 1095 1651 1174 assensu
1672 1097 1906 1176 Cancellarii
1925 1116 1965 1175 et
1984 1099 2107 1178 Vice-

680 1219 838 1296 comitis
855 1235 963 1296 extra
978 1219 1118 1296 villam
1134 1220 1252 1296 Oxon
1272 1218 1413 1299 dentur
1433 1217 1615 1328 hospitali
1635 1217 1754 1298 sandi
1779 1218 1970 1322 Johannis
1998 1238 2108 1299 extra

680 1358 835 1446 portam
856 1341 1089 1420 orientalem
1105 1359 1145 1418 et
1164 1369 1234 1449 per
1252 1341 1377 1420 visum
1404 1344 1618 1421 eorundem
1646 1344 1686 1419 in
1709 1342 1957 1422 elemosrnam
1989 1344 2107 1450 ipsrus

681 1462 833 1541 domini
868 1466 989 1570 Regis
1025 1466 1077 1542 Et
1108 1462 1184 1542 hoc
1215 1467 1397 1542 concedit
1423 1467 1605 1543 dominus
1627 1465 1715 1540 Rex
1734 1492 1806 1571 pro
1825 1465 1888 1543 sua
1909 1466 2110 1545 voluntate

486 1585 519 1684 ᾗ.
543 1603 607 1685 29·
682 1587 752 1663 An
775 1583 852 1665 hoc
871 1589 995 1666 eciam
1016 1588 1122 1692 quod
1142 1588 1305 1694 predicti
1324 1589 1456 1692 Major
1474 1607 1514 1665 et
1534 1586 1745 1693 Burgenses
1766 1606 1982 1692 queruntur
2002 1587 2111 1693 quod

458 1691 525 1749 uae
543 1694 609 1767 Μ’
683 1735 777 1786 cum
815 1711 854 1786 in
889 1729 995 1788 carta
1021 1710 1172 1788 domini
1204 1711 1325 1817 Regis
1355 1713 1600 1789 contineatur
1627 1709 1733 1816 quod
1765 1709 1792 1787 s1
1826 1711 1945 1787 laicus
1965 1710 2111 1786 clerico

685 1831 984 1937 transgrediatur
1022 1851 1061 1910 et
1108 1861 1179 1940 pro
1216 1833 1506 1940 transgressione
1545 1834 1612 1911 illa
1649 1833 1802 1939 prisone
1839 1834 2112 1910 committatur

688 1955 890 2060 quousque
922 1983 990 2060 per
1019 1957 1371 2034 consideracionem
1394 1956 1627 2034 Cancellarii
1647 1958 1790 2034 clerico
1811 1955 1888 2032 leso
1908 1953 2114 2032 satisfaciat

687 2077 794 2180 quod
825 2078 1088 2154 Cancellarius
1127 2079 1271 2155 laicum
1305 2079 1419 2156 illum
1456 2078 1505 2155 src
1534 2078 1834 2184 imprisonatum
1869 2077 2027 2154 redimit
2062 2077 2119 2152 ita

633 2299 637 2306 Ι
686 2198 854 2302 graviter
871 2199 977 2302 quod
997 2197 1076 2274 sere
1096 2199 1304 2275 destruitur
1323 2202 1565 2304 quicumque
1585 2200 1704 2276 suerit
1723 2219 1761 2276 et
1778 2220 1951 2306 preterea
1970 2200 2117 2276 laicum

688 2319 740 2396 fic
773 2320 1071 2427 imprisonatum
1111 2349 1179 2426 per
1222 2321 1537 2426 obligacionem²
1568 2320 1617 2395 src
1650 2321 1745 2425 ligat
1779 2338 1826 2394 et
1874 2321 1999 2395 eciam
2048 2344 2118 2424 per

690 2442 977 2547 obligacionem
1010 2445 1175 2547 pecunie
1207 2442 1385 2520 solvende
1424 2443 1449 2519 sr
1495 2459 1640 2518 extunc
1678 2440 1976 2547 transgrediatur
2009 2439 2116 2546 quod

691 2566 809 2642 multi
829 2566 876 2642 de
897 2565 989 2641 villa
1007 2566 1074 2642 illa
1094 2567 1342 2643 destruuntur
1362 2583 1400 2641 et
1420 2563 1704 2642 exheredantur
1766 2567 1834 2640 Ao
1859 2565 1962 2670 quod
1984 2564 2117 2643 domi·-

693 2713 766 2764 nus
797 2690 884 2766 Rex
909 2688 995 2763 vult
1024 2706 1062 2764 et
1092 2689 1287 2794 respondit
1315 2688 1435 2790 Qod
1465 2687 1727 2764 Cancellarius
1754 2688 1822 2792 qui
1854 2714 1924 2793 pro
1944 2705 2120 2792 tempore

695 2807 813 2887 suerit
842 2809 958 2888 saciat
985 2807 1110 2886 facere
1137 2810 1433 2886 emendaciones
1460 2808 1713 2886 racionabiles
1742 2827 1824 2886 tam
1860 2811 1940 2886 de²
1968 2807 2119 2885 clericis

695 2932 872 3036 quamde
885 2930 1034 3008 clericis
1049 2932 1237 3006 conviciis
1246 2956 1378 3005 coram
1393 2955 1439 3004 eo
1453 2929 1500 3003 de
1510 2931 1796 3033 transgreflione
1813 2949 1852 3007 et
1869 2931 1975 3035 quod
1995 2931 2123 3034 capiat

695 3052 882 3132 hincinde
923 3079 991 3158 per
1032 3051 1323 3157 obligacionem
1352 3049 1415 3126 seu
1447 3050 1523 3127 alio
1551 3049 1671 3126 modo
1706 3048 1801 3128 srcut
1834 3051 2123 3128 racionabiliter

500 3229 530 3311 ὃ.
578 3245 603 3295 0
695 3173 894 3280 hucusque
930 3173 1013 3251 fieri
1046 3173 1245 3251 consuevit
1281 3172 1523 3250 securitatem
1568 3171 1826 3250 sufficientem
1865 3173 1928 3250 &c
2049 3176 2119 3250 Ao

477 3325 542 3381 vide
562 3280 649 3405 §.1⁹4
695 3294 771 3374 hoc
812 3299 937 3373 eciam
966 3294 1070 3397 quod
1110 3295 1272 3401 predicti
1302 3295 1434 3398 Major
1463 3315 1501 3372 et
1531 3296 1742 3400 Burgenses
1772 3313 1990 3400 queruntur
2017 3294 2124 3400 quod
2245 3282 2252 3292 ⁵

695 3446 787 3496 cum
820 3421 861 3498 in
885 3433 990 3495 carta
1018 3417 1169 3494 domini
1198 3418 1320 3522 Regis
1348 3418 1594 3494 contineatur
1621 3417 1726 3523 quod
1747 3415 1884 3493 Ballivi
1905 3415 2010 3492 Ville
2030 3445 2122 3522 pre·

697 3542 799 3619 diere
824 3545 1096 3646 juramentum
1122 3539 1234 3615 suum
1254 3536 1379 3615 facere
1400 3539 1545 3617 debent
1564 3541 1604 3616 in
1626 3541 1715 3617 loco
1736 3539 1939 3616 communi
1960 3539 2125 3643 predicti

700 3663 966 3741 Cancellarius
985 3679 1025 3738 et
1050 3661 1220 3746 Scolares
1240 3664 1369 3739 venire
1389 3659 1540 3740 faciunt
1559 3662 1726 3740 Ballivos
1745 3661 1834 3738 illos
1854 3687 1985 3738 coram
2007 3663 2060 3738 eis
2078 3660 2125 3738 ad

699 3787 897 3864 ecclesram
929 3786 1039 3863 beate
1068 3785 1197 3861 Marie
1218 3804 1256 3861 et
1275 3785 1331 3862 ibi
1351 3783 1455 3861 ali-ud
1475 3786 1747 3890 juramentum
1767 3784 1814 3862 de
1835 3785 1888 3860 eis
1908 3783 2068 3888 capiunt
2089 3801 2128 3860 et

694 3910 825 4014 jurare
845 3907 995 3987 faciunt
1017 3908 1124 4014 quod
1146 3908 1417 4012 juramentum
1437 3908 1534 3985 illud
1555 3909 1746 3986 tenebunt
1764 3934 1835 4014 pro
1855 3906 1895 3984 se
1911 3923 1950 3984 et
1968 3902 2126 3984 heredi-

703 4031 775 4109 bus
796 4031 869 4108 suis
890 4051 929 4110 et
948 4030 1099 4109 familia
1118 4029 1184 4107 sua
1201 4057 1273 4108 nec
1290 4032 1523 4138 permittunt
1541 4031 1629 4109 illos
1655 4031 1694 4108 in
1721 4031 1946 4136 juramento
1971 4027 2042 4106 illo
2067 4026 2129 4105 sa-

701 4157 842 4235 ciendo
869 4156 1047 4263 excipere
1074 4152 1194 4232 fidem
1213 4155 1254 4232 in
1274 4182 1352 4262 qua
1371 4152 1532 4232 domino
1552 4153 1655 4260 Regi
1675 4168 1856 4232 tenentur
1875 4170 1915 4228 et
1933 4153 2129 4258 peridem

696 4287 967 4391 juramentum
987 4279 1041 4356 eis
1060 4277 1273 4383 injungunt
1297 4275 1404 4385 quod
1425 4276 1643 4356 remedium
1663 4277 1717 4353 eis
1739 4303 1817 4353 non
1838 4276 2066 4382 perquirent
2085 4274 2129 4349 in

702 4407 810 4485 curia
824 4403 987 4482 ¹domini
1015 4401 1135 4508 Regis
1155 4400 1216 4476 vel
1236 4428 1304 4507 per
1323 4402 1404 4506 ejus
1424 4399 1628 4477 consilium
1649 4401 1690 4477 in
1709 4396 1785 4476 hiis
1806 4425 1882 4504 que
1900 4395 1998 4504 ipsos
2019 4397 2132 4473 Can-

704 4529 907 4608 cellarium
927 4543 965 4604 et
984 4523 1287 4603 Universrtatem
1306 4523 1542 4629 contingunt
1604 4525 1673 4600 An
1704 4520 1811 4629 quod
1839 4520 2022 4599 dominus
2043 4518 2133 4594 Rex

1120 4759 1332 4818 VARIAE
1372 4758 1719 4820 LECTIONES.

749 4903 764 4940 2
778 4899 813 4960 de
828 4911 918 4960 terrae
931 4895 1113 4957 tenementis.
1154 4893 1195 4954 H.
1210 4891 1261 4953 fol.
1278 4912 1325 4976 ¹5·
1480 4857 1598 4954 *inicia
1619 4893 1661 4957 H.
1678 4894 1731 4955 fol.
1748 4911 1792 4970 ¹5·

1954 4979 2138 5090 prohibet
