5118 6544
885 611 926 704 Ι,
994 610 1118 704 ΕΙ)
1153 609 1233 703 W.
1305 606 1387 702 lV.
1952 643 2014 733 29

429 780 535 888 pacis
565 777 680 888 ipfius
707 777 973 859 Univerlitatis
1001 779 1211 859 statuendis
1235 805 1278 858 ac
1302 775 1416 885 super
1434 774 1518 856 aliis
1538 803 1613 883 quc
1626 777 1740 883 juxta
1761 775 1853 856 sub-

430 901 626 980 miffiones
654 909 668 940 ¹
693 903 800 1009 pacis
844 902 892 980 ad
935 922 1165 1011 perpetuam
1208 899 1481 1010 premissorum
1524 903 1757 979 memoriam
1795 903 1859 1007 pie

430 1049 501 1131 per
530 1025 607 1101 Dei
637 1027 809 1130 graciam
837 1023 965 1104 face're
987 1026 1241 1133 proponimus
1259 1025 1346 1130 jam
1365 1024 1542 1101 ordinare
1562 1049 1642 1100 non
1663 1020 1861 1130 possumus
1950 1095 1952 1100 .

431 1146 544 1224 variis
573 1163 613 1224 et
635 1146 763 1224 arduis
784 1147 957 1254 negociis
976 1149 1168 1256 prepediti
1188 1147 1480 1227 ordinacionem
1500 1143 1723 1249 hujusmodi
1743 1143 1858 1222 nobis

430 1266 644 1375 specialiter
673 1268 907 1347 reservamus
993 1271 1086 1349 Hiis
1107 1268 1267 1348 testibus
1288 1267 1572 1346 venerabilibus
1592 1267 1768 1374 patribus
1784 1266 1858 1370 Jo-

430 1387 560 1468 hanne
592 1389 899 1498 Archiepiscopo
929 1391 1048 1470 Ebor'
1070 1391 1218 1499 Anglie
1250 1391 1421 1468 Primate
1457 1389 1702 1470 Cancellario
1729 1388 1861 1467 nostro

429 1509 654 1590 Willielmo
677 1513 869 1619 Wynton'
896 1514 1091 1624 Episcopo
1112 1512 1371 1593 Thesaurario
1401 1511 1531 1590 nostro
1557 1511 1749 1618 Magistro
1770 1509 1858 1589 Mi·

429 1629 564 1711 cbacle
584 1632 632 1711 de
649 1632 915 1742 Northburgh
942 1637 1068 1715 eleeto
1096 1636 1276 1716 London'
1296 1632 1528 1714 confirmato
1548 1633 1725 1712 Henrico
1745 1633 1867 1713 Duce.

429 1755 652 1834 Lancastrie
673 1757 896 1836 Willielmo
916 1758 963 1836 de
983 1757 1125 1838 Bohun
1157 1755 1469 1864 Northampton'
1500 1755 1701 1835 Richardo
1722 1757 1859 1834 Arun-

429 1876 508 1954 dell
539 1876 702 1957 Thoma
731 1880 779 1956 de
811 1879 920 1960 Bello
946 1882 1102 1988 Campo
1121 1883 1271 1959 Warw’
1292 1879 1450 1986 Rogero
1470 1875 1615 1956 March
1636 1875 1866 1991 Willielmo

431 1998 571 2076 Sarum
602 1997 783 2103 Johanne
810 2000 859 2079 de
888 2001 993 2080 Veer
1021 2003 1141 2081 Oxon
1173 2001 1400 2082 Comitibus
1423 1997 1608 2080 Galsrido
1641 1996 1690 2076 de
1717 2000 1790 2105 Say
1820 2017 1862 2078 et

428 2117 630 2224 'Johanne
647 2123 694 2201 de
707 2125 816 2230 Grey
832 2123 880 2203 de
895 2122 1141 2204 Rotherfield
1162 2121 1376 2203 Senescallo
1396 2119 1566 2229 hospicii·
1578 2119 1695 2200 nostri
1713 2139 1754 2199 et
1773 2120 1859 2202 aliis

427 2241 523 2321 Dat'
536 2270 605 2352 per
624 2273 787 2324 manrnn
804 2246 973 2324 nostram
993 2247 1098 2354 apud
1117 2247 1280 2324 Turrim
1302 2245 1470 2324 London
1493 2242 1672 2322 vicesimo
1695 2239 1862 2352 septimo

426 2365 489 2442 die
519 2365 631 2468 Junii
660 2369 779 2445 Anno
806 2369 918 2476 regni
947 2368 1068 2448 nostri
1096 2368 1243 2474 Anglie
1270 2367 1452 2448 vicesimo
1487 2389 1593 2446 nono
1624 2366 1736 2472 regni
1770 2390 1863 2444 vero
2022 2471 2025 2479 ῃ

425 2485 543 2566 nostri
574 2488 607 2566 F
609 2491 738 2568 rancie
767 2489 1034 2569 sextodecimo
1150 2488 1246 2568 Nos
1284 2509 1417 2568 autem
1451 2488 1710 2567 concessiones
1753 2488 1861 2568 ordi·
1875 2495 1973 2560 Verba
1984 2497 2076 2562 Ecba·

424 2609 607 2686 naciones
638 2629 678 2690 et
708 2609 1030 2692 confirmaciones
1057 2611 1249 2721 predisias
1272 2611 1314 2691 in
1335 2611 1520 2691 omnibus
1540 2629 1580 2689 et
1599 2609 1757 2717 lingulis
1778 2634 1858 2716 que
1872 2577 1927 2640 111.

425 2731 549 2811 dictos
563 2731 852 2813 Cancellarium
867 2733 1077 2842 Magistros
1092 2734 1263 2813 Scolares
1279 2751 1320 2812 et
1335 2731 1637 2842 Universttatem
1650 2732 1857 2814 dumtaxat

425 2873 668 2933 concernunt
701 2873 800 2934 ratas
827 2855 1018 2934 habentes
1049 2873 1089 2933 et
1123 2873 1249 2962 gratas
1280 2880 1342 2934 eas
1364 2879 1436 2962 pro
1455 2855 1568 2930 nobis
1589 2871 1627 2930 et
1647 2851 1858 2932 heredibus

424 2975 563 3053 nostris
592 2995 785 3081 quantum
815 2978 857 3054 in
885 2977 998 3054 nobis
1026 2975 1080 3051 est
1099 2972 1257 3081 prefatis
1279 2975 1522 3052 Cancellario
1541 2973 1739 3079 Magistris
1759 2975 1855 3052 Sco·

423 3093 570 3174 laribus
601 3113 641 3172 et
674 3093 928 3174 Unrversrtati
947 3114 986 3173 et
1013 3092 1287 3174 succefforibus
1308 3094 1383 3173 suis
1402 3094 1664 3173 concedimus*
1686 3114 1726 3174 et
1756 3121 1854 3174 con-

422 3215 625 3296 firmamus
657 3216 756 3295 ficut
786 3234 891 3295 carte
925 3235 964 3294 et
997 3216 1108 3296 litere
1140 3217 1312 3325 predicte
1346 3217 1632 3296 racionabiliter
1664 3217 1853 3296 testantur

423 3337 687 3417 Patansana
708 3339 760 3417 ob
778 3337 983 3446 specialem
1003 3337 1258 3418 affeceionem
1283 3365 1404 3446 quam
1431 3338 1481 3418 ad
1508 3341 1653 3418 distam
1681 3341 1854 3418 Univer·
1887 3342 1924 3447 §.
1944 3369 2018 3455 50..

424 3457 577 3539 satatem
609 3486 789 3539 necnon
825 3461 873 3539 ad
902 3461 1081 3568 personas
1109 3460 1346 3540 dilectorum
1373 3461 1607 3540 elericorum
1634 3461 1863 3541 nostrorum·

424 3580 633 3662 Humsridi
671 3583 720 3661 de
759 3579 975 3662 Cherleton
1014 3583 1247 3662 Cancellarii
1283 3582 1455 3687 ejusdem
1505 3585 1775 3664 Univerfitatis
1814 3603 1860 3664 et·

423 3704 627 3784 Lodewici
654 3701 792 3784 fratris'
811 3705 893 3812 ejus
919 3706 1092 3812 gerimus
1119 3724 1159 3784 et
1178 3703 1368 3784 habemus
1388 3703 1561 3784 volentes
1580 3706 1724 3785 eisdem
1745 3708 1853 3786 Can·

420 3827 578 3905 cellario
612 3825 811 3935 Magistris
841 3827 1060 3908 Scolaribus
1092 3849 1132 3906 et
1159 3826 1409 3908 Universrtati
1438 3847 1482 3907 ut
1517 3827 1638 3906 iidem
1674 3828 1863 3937 Magistri-

421 3967 462 4026 et
481 3947 652 4028 Scolares
673 3951 849 4056 quiecius
868 3953 910 4028 in
931 3951 1066 4030 eadem
1087 3950 1348 4030 Univerfitate
1370 3951 1514 4030 morari
1533 3967 1572 4028 et
1598 3949 1750 4030 studere
1783 3977 1854 4029 va-

420 4068 527 4150 leant
560 4074 732 4178 graciam
759 4069 887 4152 facere
922 4072 1153 4180 ampliorem
1187 4069 1442 4152 conceffimus
1470 4073 1526 4151 eis
1561 4099 1633 4179 pro
1661 4073 1776 4152 nobis
1812 4091 1855 4153 et

421 4189 631 4272 heredibus
667 4194 872 4273 nostriset
901 4191 975 4274 hae
1004 4213 1109 4274 carta
1137 4194 1265 4274 nostra
1296 4191 1614 4273 confirmavimus
1634 4195 1855 4301 quodlicet

421 4316 587 4423 predicti
615 4316 880 4396 Cancellarius
912 4315 1094 4424 Magistri
1123 4335 1163 4395 et
1192 4317 1363 4397 Scolares
1390 4315 1660 4397 Univerfitatis
1679 4318 1853 4426 predidte

420 4438 482 4515 vel
508 4465 642 4518 eorum
672 4439 949 4546 predecessores
974 4437 1218 4520 libertatibus
1249 4460 1289 4519 et
1319 4441 1549 4548 quietanciis
1569 4439 1609 4518 in
1630 4439 1744 4520 distis
1764 4466 1852 4519 car·

420 4561 471 4638 tis
491 4579 531 4638 et
549 4560 671 4640 literis
691 4565 884 4642 contentis
905 4562 964 4642 vel
985 4561 1117 4669 aliqua
1134 4562 1346 4642 earundem
1366 4561 1499 4669 aliquo
1518 4560 1605 4642 casu
1625 4579 1850 4668 emergente

419 4678 607 4762 hactenus
639 4683 692 4762 usr
722 4711 802 4762 non
828 4683 977 4764 suerint
1007 4684 1076 4792 ipsa
1101 4703 1234 4765 tamen
1263 4701 1305 4764 et
1327 4710 1463 4764 eorum
1483 4681 1708 4762 successores
1727 4684 1850 4762 liber·

420 4803 567 4883 tatibus
581 4823 620 4884 et
634 4808 864 4912 quietanciis
884 4807 962 4887 illis
979 4822 1020 4885 et
1040 4833 1175 4886 earum
1193 4806 1369 4914 qualibet
1387 4807 1429 4886 in
1448 4806 1541 4887 villa
1557 4805 1677 4886 Onon
1696 4823 1737 4885 et
1756 4805 1862 4888 sub·-

775 4955 1026 5018 VARIAE
1067 4955 1468 5016 LECTIONES.

452 5075 467 5106 ·
487 5067 639 5148 paeana.
659 5065 701 5126 rr.
723 5064 774 5126 nr.
788 5067 837 5142 7⁶.
1180 5064 1361 5144 ‘Philum
1376 5065 1419 5144 H,
1433 5063 1546 5142 sol-7⁶·
1771 5149 1825 5229 b„

1724 5177 1769 5229 ur
1797 5176 1845 5229 118
