5118 6544
925 569 965 661 I.
1036 569 1161 664 ΕΙ)
1196 569 1272 664 W.
1343 567 1424 664 IV.

1970 595 2030 693 2!

451 748 494 812 et
525 731 756 839 capcionem
783 729 974 838 predictas
1000 729 1055 810 usr
1074 731 1164 812 sunt
1181 731 1328 841 pariter
1347 747 1387 810 et
1405 729 1523 840 gavisi
1634 731 1878 814 Irenaeum
1919 743 2023 852 §⁰4⁰

453 853 496 933 in
525 855 784 934 Univerfitate
802 852 975 961 predisla
994 879 1129 960 graves
1167 854 1357 934 discordie
1388 855 1533 962 pluries
1564 851 1638 932 fint
1667 873 1801 934 exorte
1830 882 1882 936 ex

454 977 622 1084 eoquod
642 975 904 1056 Cancellarius
933 975 1049 1085 ipfius
1075 976 1344 1057 Universrtatis
1365 995 1404 1055 et
1424 977 1557 1082 Major
1576 976 1679 1056 disle
1699 976 1791 1055 ville
1811 978 1882 1085 qui

447 1099 565 1204 juxta
593 1099 875 1179 conceffionem
902 1099 1072 1178 nostram
1096 1098 1209 1208 super
1226 1097 1304 1180 hoc
1323 1101 1378 1178 eis
1397 1098 1541 1178 fastam
1561 1098 1776 1178 debuerant
1795 1099 1882 1178 affi-

453 1219 535 1300 sam
563 1223 674 1328 panis
700 1239 739 1301 et
766 1221 922 1302 cervifie
950 1224 1215 1302 communiter
1244 1222 1436 1302 custodire
1464 1222 1577 1331 super
1602 1225 1813 1330 punicione
1839 1225 1883 1302 in

453 1339 528 1422 hac
562 1362 671 1451 parte
697 1341 876 1425 facienda
898 1346 1072 1424 maxime
1089 1363 1250 1452 propter
1269 1347 1469 1425 maliciam
1488 1345 1680 1424 laicorum
1699 1344 1882 1424 vendito·

454 1491 545 1544 rum
583 1467 780 1546 distorum
810 1467 1040 1546 vistualium
1073 1469 1331 1573 querencium
1363 1469 1406 1546 in
1440 1468 1645 1546 communi
1679 1464 1882 1575 dispendio

455 1585 567 1666 lucra
594 1586 667 1672 sua.
686 1615 764 1668 non
784 1607 965 1699 poterant
984 1587 1152 1669 faciliter
1178 1591 1395 1670 consentire
1420 1587 1506 1668 Nos
1527 1589 1724 1670 discordiis
1743 1586 1881 1694 hujus-

453 1711 564 1788 modi
579 1738 657 1818 que
675 1737 725 1790 ex
743 1713 1025 1793 communione
1045 1710 1113 1790 tali
1131 1714 1336 1820 provenire
1353 1729 1539 1822 poterunt
1557 1711 1732 1792 volentes
1748 1729 1792 1790 ut
1808 1736 1880 1790 ert-

453 1833 563 1940 pedit
582 1834 739 1914 obviare
758 1837 903 1915 virtute
922 1833 1181 1914 submiffionis
1200 1836 1375 1944 predisle
1391 1833 1617 1915 ordinamus
1637 1849 1677 1912 et
1694 1831 1881 1913 concedi·

348 2013 357 2026 ,
453 1980 543 2034 mus
563 1983 633 2062 pro
655 1955 766 2035 nobis
786 1973 826 2036 et
845 1953 1055 2036 heredibus
1073 1957 1211 2035 nostris
1231 1974 1271 2036 et
1289 1955 1365 2036 hac
1384 1973 1489 2035 carta
1517 1955 1646 2036 nostra
1669 1954 1881 2035 confirma-

454 2101 545 2156 mus
574 2078 681 2183 quod
711 2078 976 2158 Cancellarius
1005 2077 1122 2186 ipfius
1151 2079 1421 2161 Univerfitatis
1447 2096 1489 2156 et
1509 2076 1745 2158 Succeffotes
1765 2077 1822 2158 sui
1841 2091 1882 2155 et

455 2223 594 2278 eorum
613 2201 715 2280 vices
743 2220 922 2310 gerentes
948 2198 1017 2282 soli
1045 2219 1086 2280 et
1113 2200 1325 2280 insolidum
1356 2203 1680 2308 imperpetuum?
1713 2199 1755 2278 in
1789 2197 1885 2278 villa

456 2321 576 2417 Oxon
597 2339 636 2400 et
656 2321 848 2402 suburbiis
867 2323 1040 2430 ejusdem
1068 2319 1238 2402 habeant
1253 2321 1469 2404 custodiam
1489 2321 1592 2402 affise
1610 2321 1722 2430 panis
1740 2321 1823 2402 vini
1842 2338 1884 2400 et

455 2443 663 2522 cervisreac
676 2445 964 2526 correccionem
980 2461 1021 2525 et
1033 2447 1288 2554 punicionem
1303 2446 1475 2552 ejusdem
1487 2472 1581 2525 cum
1595 2443 1738 2524 finibus
1752 2469 1882 2522 amer-

453 2565 658 2644 ciamentis
683 2586 723 2646 et
738 2567 923 2677 proficuis
942 2565 1026 2648 aliis
1045 2568 1364 2684 provenientibus
1384 2569 1425 2648 in
1442 2565 1515 2648 hac
1535 2582 1645 2675 parte
1664 2565 1883 2644 Reddendo

454 2686 566 2766 nobis
586 2711 624 2766 et
643 2687 850 2770 heredibus
870 2690 1007 2770 nostris
1026 2708 1188 2771 eentum
1208 2690 1349 2770 solidos
1368 2690 1572 2770 annuatim
1595 2688 1665 2769 viz
1684 2691 1882 2797 quinqua-

455 2809 566 2916 ginta
581 2809 720 2890 solidos
736 2812 784 2892 ad
800 2813 1044 2895 Scaccarium
1060 2813 1237 2892 nostrum
1252 2811 1371 2892 sensti
1392 2809 1603 2890 Michaelis
1623 2829 1662 2889 et
1683 2811 1881 2919 quinqua·

455 2933 566 3038 ginta
597 2931 738 3012 solidos
770 2935 819 3012 ad
838 2935 1085 3016 Scaccarium
1103 2932 1279 3012 nostrum
1299 2930 1445 3012 Pasche
1555 2932 1876 3011 Concamnus
1914 2930 2024 3020 §.41-

454 3055 580 3130 eciam
604 3055 711 3158 quod
731 3055 994 3132 Cancellarius
1013 3052 1115 3130 solus
1144 3070 1184 3132 et
1201 3052 1410 3132 insolidum
1437 3067 1478 3131 et
1496 3048 1724 3130 successores
1742 3052 1800 3131 sui
1819 3033 1882 3131 vel

456 3199 593 3252 eorum
615 3174 716 3252 vices
746 3193 925 3281 gerentes
955 3176 1251 3284 imperpetuum
1279 3171 1449 3254 habeant
1468 3172 1685 3254 custodiam
1712 3172 1816 3253 affrse
1843 3193 1885 3254 et

457 3293 569 3374 assaie
602 3322 646 3373 ac
676 3294 914 3403 supervisum
948 3295 1216 3376 mensurarum
1248 3315 1289 3377 et
1322 3297 1543 3406 ponderum
1580 3298 1622 3375 in
1656 3296 1759 3376 dista
1791 3294 1886 3376 villa

456 3417 577 3498 Oxon
607 3434 646 3496 et
674 3417 865 3498 suburbiis
894 3418 1068 3525 ejusdem
1096 3419 1158 3498 Ita
1186 3420 1292 3528 quod
1322 3420 1401 3530 ipse
1423 3415 1689 3500 Cancellarius
1708 3417 1770 3498 vel
1799 3418 1883 3524 ejus

454 3541 558 3617 vices
586 3565 723 3645 gerens
753 3543 940 3648 quociens
965 3566 1064 3652 opus
1091 3539 1212 3622 suerit
1233 3541 1337 3622 dista
1355 3540 1550 3622 mensuras
1569 3558 1609 3621 et
1627 3539 1801 3650 pondera
1816 3540 1883 3620 su·

455 3661 654 3769 pervideat
683 3681 723 3741 et
751 3691 795 3742 ea
818 3689 895 3771 que
921 3661 1016 3744 falsa
1041 3665 1236 3744 invenerit
1252 3665 1434 3744 comburi
1452 3681 1493 3744 et
1521 3662 1664 3780 destrui
1691 3662 1811 3744 saciat
1843 3679 1886 3744 et

455 3784 532 3862 alia
559 3782 697 3890 legalia
731 3803 771 3864 et
792 3784 896 3892 justa
922 3785 1084 3895 deputet
1111 3803 1152 3867 et
1180 3787 1395 3895 consignari
1422 3783 1540 3868 saciat
1559 3811 1633 3866 nec
1652 3813 1732 3866 non
1760 3783 1885 3866 trans-

455 3903 638 4013 gressores
667 3933 766 4014 quos
801 3909 843 3986 in
870 3906 946 3989 hac
973 3925 1084 4016 parte
1110 3909 1304 3988 invenerit
1331 3909 1463 3989 debite
1490 3909 1629 4018 puniat
1656 3925 1697 3990 et
1722 3907 1885 4016 castiget

454 4029 516 4108 lta
535 4045 667 4108 tamen
685 4029 792 4137 quod
806 4029 1048 4111 forissasture
1058 4048 1099 4110 et
1114 4031 1188 4111 alia
1199 4030 1375 4140 proficua
1386 4031 1478 4112 inde
1492 4031 1767 4140 proveniencia
1780 4028 1883 4108 libe·

458 4169 594 4229 rentur
612 4178 682 4259 per
701 4155 889 4233 extradas
908 4179 978 4262 per
990 4153 1143 4234 dissum
1159 4153 1449 4234 Cancellarium
1465 4152 1662 4233 faciendas
1677 4153 1825 4259 Majori
1844 4169 1885 4232 et

457 4271 616 4358 Ballivis
646 4273 748 4355 diste
776 4275 868 4356 ville
897 4275 1059 4357 levanda
1084 4301 1155 4385 per
1181 4301 1246 4356 eos
1265 4278 1308 4357 in
1340 4275 1531 4358 auxilium
1558 4273 1671 4356 firme
1698 4276 1764 4358 sue
1790 4273 1885 4355 ville
1937 4281 2022 4388 §.4
2049 4335 2062 4362 .

456 4395 751 4502 predislelliet
762 4415 879 4506 prout
890 4395 1079 4478 haetenus
1089 4398 1145 4480 est
1159 4414 1370 4507 optentum
1485 4399 1613 4479 Iram
1632 4398 1884 4479 concedimus

457 4516 587 4598 eidem
616 4518 867 4602 Universitati
894 4522 1001 4630 quod
1031 4521 1295 4603 cancellarius
1310 4519 1497 4628 ‘ejusdem
1525 4520 1595 4630 qui
1623 4546 1730 4601 nunc
1757 4519 1813 4600 est
1842 4536 1884 4601 et

456 4635 681 4722 successores
718 4641 776 4724 sui
809 4643 869 4724 vel
911 4671 1048 4724 eorum
1076 4644 1179 4726 vices
1207 4660 1386 4754 gerentes
1416 4645 1712 4755 imperpetuum
1741 4639 1813 4724 soli
1843 4656 1884 4722 et

837 4879 1524 4946 vsnrnutsscrtonsss

500 4975 515 5017 ἲ
533 4969 624 5047 desen
635 4972 667 5031 iu
686 4975 757 5039 villa
775 4977 861 5040 Oxon
879 4996 907 5042 et
921 4980 1064 5042 suburbiis
1078 4982 1153 5064 eJ'us·
1231 4983 1338 5044 Uicus.
1358 4983 1401 5046 Η.
1422 4983 1535 5064 sol.75.

465 5047 542 5110 dem
568 5049 610 5110 H.
621 5051 671 5116 sol.
684 5071 734 5134 75.

1134 5147 1175 5227 D
1674 5141 1886 5226 insolidum
