5118 6544
498 2853 608 2939 §.21.

1142 624 1667 717 CARTA.

693 811 786 869 tunc
815 786 963 866 ibidem
996 780 1187 889 presentes
1213 807 1291 858 non
1321 779 1511 860 fuerimus
1533 784 1661 861 nostro
1683 802 1722 862 et
1742 785 1914 892 ipsorum
1935 785 2127 871 heredum

693 914 914 995 nostrorum
945 907 1105 983 nomine
1138 906 1326 1012 recipiant
1355 905 1461 1009 quod
1493 905 1561 1012 ipsl
1593 908 1852 985 Aldermanni
1889 928 1927 990 et
1958 912 2127 992 associati

693 1037 826 1116 omnia
860 1031 1028 1141 predie‘ia
1056 1027 1221 1104 fideliter
1250 1025 1508 1105 observabunt
1539 1029 1592 1106 Et
1612 1031 1717 1137 quod
1746 1031 1842 1109 dieti
1863 1035 2127 1116 Cancellarius

695 1161 769 1238 srve
798 1151 1090 1234 Commissarius
1116 1150 1177 1228 vel
1199 1153 1353 1227 Locum
1374 1150 1486 1227 suum
1507 1171 1641 1230 tenens
1663 1181 1706 1230 ac
1727 1155 1860 1259 Major
1876 1155 2032 1263 singulis
2053 1185 2125 1236 an-

696 1284 756 1361 nis
789 1281 848 1359 vel
879 1279 1001 1383 magis
1031 1273 1142 1351 solito
1171 1272 1197 1350 fi
1220 1272 1403 1380 expedire
1430 1273 1730 1354 imminentibus
1750 1278 1933 1384 periculis
1953 1281 2127 1359 videatur

697 1408 794 1483 duos
823 1402 1003 1479 homiues
1031 1398 1073 1475 in
1102 1396 1277 1502 qualibet
1305 1393 1490 1501 parochia
1518 1399 1621 1474 diste
1646 1399 1752 1476 Ville
1782 1422 1821 1478 et
1850 1401 2126 1483 suburbiorum

697 1526 868 1633 ejusdem
897 1524 944 1600 de
973 1520 1221 1626 legalioribus
1251 1515 1494 1625 parochianis
1524 1520 1601 1596 illis
1620 1523 1768 1628 eligant
1786 1523 1846 1601 vel
1867 1525 1960 1632 eligi
1981 1524 2125 1604 saciant

698 1670 737 1729 et
774 1648 878 1754 quod
919 1642 1090 1752 ipsorum
1122 1644 1405 1720 sacramentum
1435 1643 1610 1720 momine
1640 1645 1768 1724 nostro
1802 1647 1992 1753 recipiant
2021 1648 2127 1756 quod

697 1771 767 1880 ipfi
796 1770 848 1848 s1c
878 1769 990 1845 electi
1018 1785 1057 1842 et
1079 1765 1199 1870 jurati
1229 1764 1268 1840 in
1288 1764 1465 1869 qualibet
1484 1767 1683 1872 quindena
1701 1769 1908 1876 diligenter
1926 1773 2127 1878 inquirent

699 1922 748 1974 ne
779 1893 971 2000 suspedlus
995 1887 1133 1993 aliquis
1155 1889 1195 1965 in
1214 1884 1396 1995 parochia
1416 1884 1633 1995 hospitetur
1653 1909 1691 1968 et
1711 1891 1736 1969 fi
1758 1894 1845 1998 quis
1865 1893 2036 1999 aliquem
2057 1919 2126 1999 per

694 2036 771 2095 tres
799 2018 930 2093 nostes
962 2015 1003 2089 in
1033 2013 1151 2088 domo
1180 2010 1244 2087 sua
1272 2015 1526 2116 receptaverit
1556 2040 1628 2119 pro
1663 2041 1709 2091 eo
1742 2014 1969 2123 respondeat
1997 2035 2039 2094 ut
2072 2015 2126 2093 est

698 2139 848 2216 dissum
879 2139 930 2214 Et
963 2134 1068 2240 quod
1097 2135 1144 2210 de
1176 2151 1258 2209 toto
1287 2131 1389 2209 fatto
1420 2131 1486 2210 suo
1515 2136 1556 2211 in
1583 2133 1657 2213 hac
1686 2157 1794 2243 parte
1813 2140 1936 2216 distos
1957 2137 2125 2217 Cancel-

699 2262 839 2340 larium
860 2259 932 2335 five
953 2255 1269 2334 Commiffarium
1286 2256 1344 2331 vel
1365 2257 1445 2359 ejus
1467 2258 1844 2337 Locum-tenentem
1863 2289 1906 2339 ac
1926 2262 2126 2366 Majorem

700 2412 771 2490 pro
787 2400 961 2488 tempore
978 2387 1002 2418 m
1016 2379 1219 2456 existentes
1235 2376 1412 2454 distincte
1434 2396 1472 2456 et
1493 2379 1653 2456 indilate
1674 2379 1889 2458 certificent
1907 2402 1950 2458 ut
1969 2384 2039 2490 ipsi
2062 2384 2125 2460 ul-

697 2509 815 2587 terius
846 2522 981 2581 contra
1003 2500 1226 2607 hujusmodi
1255 2498 1445 2606 suspectos
1475 2520 1514 2578 et
1543 2529 1679 2579 eorum
1695 2510 1711 2542 ¹¹
1732 2522 1987 2609 receptatores
2008 2522 2125 2612 prout

697 2630 745 2706 ad
774 2629 900 2705 officia
925 2625 989 2703 sua
1014 2627 1182 2732 pertinet
1201 2624 1408 2729 procedere
1429 2643 1468 2700 et
1486 2622 1612 2702 facere
1633 2624 1783 2703 valeant
1802 2645 1918 2731 prout
1938 2655 2008 2734 pro
2027 2656 2124 2705 con·

696 2752 913 2829 servacione
944 2751 1047 2855 pacis
1076 2746 1200 2824 nostre
1232 2745 1381 2823 ibidem
1412 2764 1450 2821 et
1478 2748 1687 2853 punitione
1705 2766 1744 2825 et
1763 2748 2017 2855 castigacione
2037 2777 2123 2826 ma·

698 2871 928 2951 lefastorum
964 2869 1187 2974 hujusmodi
1208 2868 1492 2945 racionabiliter
1513 2867 1630 2946 suerit
1649 2868 1875 2948 faciendum
1990 2873 2123 2949 lusu-

703 3021 786 3074 PER
818 3022 910 3073 cum
940 2994 979 3070 in
1011 2993 1094 3070 aliis
1124 2991 1244 3068 literis
1265 2990 1488 3098 patentibus
1508 2991 1603 3068 dieti
1624 2993 1759 3070 Proavi
1788 2991 1904 3071 nostri
1923 2996 2126 3072 continea-

701 3137 765 3200 tur
787 3118 893 3224 quod
924 3117 1091 3222 quilibet
1121 3114 1323 3218 Burgenfis
1347 3115 1465 3189 Oxon
1486 3142 1556 3220 pro
1576 3113 1728 3192 familia
1746 3116 1810 3194 sua
1829 3115 2055 3223 respondeat
2075 3117 2129 3195 ita

702 3243 806 3348 quod
828 3240 853 3316 fi
875 3239 1014 3344 aliquis
1036 3240 1084 3315 de
1105 3234 1255 3313 familia
1275 3236 1339 3312 sua
1361 3255 1529 3312 mortem
1550 3238 1608 3313 vel
1630 3264 1789 3343 gravem
1808 3239 1991 3342 injuriam
2011 3238 2129 3317 alicui

471 3360 643 3454 E³5P1³¹¹²110
701 3366 844 3441 clerico
874 3361 933 3436 vel
955 3360 1028 3438 suis
1049 3357 1189 3437 inferat
1209 3358 1498 3435 malefactorem
1519 3358 1702 3437 exhibeat
1722 3361 1825 3438 idem
1848 3361 2051 3466 Burgensrs
2083 3379 2132 3439 ut

471 3442 617 3516 cujusdam

472 3521 619 3594 Privilegit
633 3545 683 3600 pes
702 3485 768 3564 fiat
788 3487 836 3562 de
860 3509 907 3560 eo
927 3483 1081 3588 justicia
1100 3482 1274 3586 alioquin
1295 3479 1493 3586 infligatur
1513 3508 1613 3587 pena
1631 3480 1845 3559 secundum
1877 3481 2127 3561 consuetudi·

472 3600 790 3687 Hen·fl¹·c⁰¹¹·nem
824 3607 933 3712 regni
989 3605 1219 3684 Vouvsrus
1254 3622 1293 3681 et
1322 3604 1574 3682 concedimus
1605 3632 1677 3712 pro
1711 3603 1824 3684 nobis
1856 3619 1894 3680 et
1920 3601 2126 3683 heredibus

471 3681 546 3750 cessi,
561 3683 626 3740 vide

475 3763 501 3833 t·
528 3781 573 3839 1⁵-

702 3731 836 3810 nostris
871 3726 977 3834 quod
1004 3726 1171 3833 quilibet
1202 3725 1402 3831 Burgensrs
1429 3754 1501 3833 pro
1528 3725 1678 3804 familia
1702 3727 1767 3805 sua
1797 3745 1837 3804 et
1873 3725 2126 3804 servientibus
2203 3717 2206 3729 ¹

701 3855 776 3932 suis
812 3849 1034 3958 respondeat
1063 3850 1104 3926 in
1132 3848 1404 3955 empcionibus
1429 3868 1467 3927 et
1488 3850 1782 3931 vendicionibus
1802 3850 1883 3927 vini
1903 3866 1942 3926 et
1961 3848 2128 3927 aliorum

702 3975 929 4054 vidtualium
960 3999 1303 4078 quorumcumque
1332 3971 1504 4078 ipsorum
1531 3973 1788 4081 Burgenfium
1820 3991 1901 4050 tam
1928 3971 1968 4048 in
1989 3970 2131 4050 subur·-

702 4098 776 4176 biis
802 4124 921 4203 quam
941 4095 1047 4172 Villa
1075 4095 1256 4202 predictis
1278 4096 1499 4173 vendicioni
1519 4096 1779 4201 expositorum
1800 4094 1868 4172 ubi
1889 4095 2052 4172 Scolaris
2073 4095 2128 4174 est

703 4247 780 4298 una
799 4223 977 4328 parcium
998 4217 1083 4326 ips1s
1109 4216 1367 4324 Burgensrbus
1387 4217 1435 4294 de
1455 4218 1666 4297 excessibus
1687 4239 1726 4298 et
1746 4218 1897 4324 injuriis
1917 4244 1987 4324 per
2005 4215 2126 4296 fami-

701 4344 796 4421 liam
818 4343 877 4419 vel
898 4340 1099 4419 servientes
1125 4340 1210 4419 suos
1231 4340 1271 4417 in
1291 4337 1515 4443 hujusmodi
1535 4342 1808 4449 empcionibus
1827 4358 1867 4417 et
1886 4341 2133 4418 vendicioni·¹

701 4465 774 4544 bus
794 4463 904 4542 fastis
926 4489 994 4571 per
1011 4460 1208 4570 prefatum
1229 4462 1517 4541 Cancellarium
1536 4464 1596 4541 vel
1609 4465 1689 4570 ejus
1709 4465 1811 4542 vices
1839 4481 2040 4572 gerentem
2067 4460 2133 4538 se·-

702 4588 781 4666 mel
815 4587 873 4664 vel
902 4586 962 4663 bis
993 4584 1020 4661 fi
1050 4612 1147 4692 opus
1175 4582 1294 4663 fuerit
1313 4587 1495 4691 primitus
1515 4587 1646 4666 debite
1666 4587 1899 4695 premunitis
1948 4585 2001 4660 Et
2020 4584 2127 4689 quod

703 4711 829 4789 dietus
850 4706 1112 4787 Cancellarius
1134 4707 1195 4784 vel
1214 4707 1295 4813 ejus
1315 4707 1610 4788 Commissarius
1630 4729 1695 4789 aut
1716 4711 2029 4789 Locum-tenens
2057 4706 2135 4813 qui,

1101 4928 1790 4994 VARIAELECTIONES.
1940 4997 1942 5002 ,

737 5045 758 5076 ¹¹
771 5035 938 5098 costenten
965 5032 1008 5092 H.
1020 5029 1072 5092 sol.
1085 5029 1132 5090 62*
1468 5047 1481 5076 ³
1502 5052 1671 5114 receptores.
1711 5035 1753 5096 H.
1769 5033 1821 5096 sol.
1836 5033 1886 5094 62.

2058 5136 2131 5221 pl'O
