5118 6544
1159 589 1644 684 CARTA

687 769 853 850 strororn
883 766 1102 848 nostrorum
1132 795 1474 876 quorumcumque
1496 769 1597 847 bona
1615 785 1655 846 et
1673 767 1811 847 catalla
1828 767 1879 846 fic
1899 763 2025 846 furata
2043 767 2104 847 vel

688 892 895 997 depredata
914 891 1063 969 adistis
1081 887 1233 969 furibus
1251 892 1314 970 seu
1329 891 1646 999 depredatoribus
1661 891 1722 968 vel
1744 891 1828 969 aliis
1846 889 2104 997 quibuscum·

687 1039 764 1118 que
793 1013 840 1090 ad
863 1039 1032 1118 quorum
1051 1039 1188 1090 manus
1209 1013 1432 1117 hujusmodi
1453 1013 1555 1092 bona
1573 1032 1613 1090 et
1631 1012 1769 1092 catalla
1788 1015 2033 1121 pervenerint
2053 1011 2104 1091 li·

686 1137 794 1212 cite⁰
810 1135 979 1242 recipere
1007 1153 1045 1212 et
1066 1152 1195 1213 tenere
1214 1135 1354 1243 poffint
1386 1135 1480 1213 licet
1507 1153 1644 1214 contra
1673 1135 1796 1214 dictos
1823 1133 1929 1213 fures
1953 1135 2014 1213 vel
2034 1133 2104 1212 de·

688 1257 908 1364 predatores
938 1257 987 1335 ad
1006 1283 1147 1364 penam
1167 1259 1361 1364 sanguinis
1382 1285 1460 1335 non
1482 1256 1629 1336 suerint
1651 1255 1842 1364 prosecuti
1862 1281 2106 1362 quamquam

686 1379 823 1456 eadem
844 1377 946 1457 bona
963 1397 1003 1456 et
1022 1377 1159 1457 catalla
1179 1406 1247 1486 per
1266 1379 1553 1457 Vicecomitem
1581 1380 1935 1459 Subvicecomitem
1962 1378 2104 1456 Escae-

686 1517 787 1578 tores
808 1499 976 1578 Ballivos
995 1499 1214 1578 Officiarios
1235 1518 1301 1580 aut
1320 1501 1414 1580 alios
1435 1501 1628 1580 ministros
1649 1501 1797 1580 nostros
1815 1498 2006 1579 heredum
2035 1515 2104 1576 aut

621 1688 630 1709 ,
685 1621 940 1700 successorum
966 1620 1185 1701 nostrorum
1213 1624 1395 1731 primitus
1423 1643 1537 1730 capta
1562 1642 1605 1701 et
1632 1623 1753 1703 seifita
1779 1622 1926 1702 suerint
2036 1620 2101 1698 Ec

687 1767 837 1821 ucrnru
866 1741 1047 1820 volumus
1080 1759 1120 1821 et
1148 1745 1400 1824 concedimus
1429 1745 1674 1825 Cancellario
1702 1763 1742 1824 et
1770 1743 1976 1824 scolaribus
1998 1741 2103 1821 dicte

684 1863 954 1944 Univerfitatis
974 1880 1014 1942 et
1033 1862 1304 1944 successoribus
1324 1867 1398 1944 suis
1414 1866 1520 1973 quod
1540 1885 1700 1974 propter
1719 1867 1890 1974 aliquam
1910 1865 2103 1943 sentenci-

682 2013 749 2065 am
779 1987 822 2065 in
856 1985 989 2091 aliquo
1011 1986 1165 2092 judicio
1187 1986 1289 2093 juste
1313 1987 1375 2065 vel
1394 1988 1533 2096 injuste
1556 2015 1624 2096 per
1642 1990 1794 2068 dictum
1815 1986 2104 2066 Cancellarium

576 2148 579 2156 ·
684 2107 1004 2186 Commifiarium
1033 2125 1100 2185 aut
1133 2110 1214 2215 ejus
1242 2110 1475 2217 deputatum
1503 2111 1567 2189 seu
1599 2136 1668 2219 per
1697 2110 1870 2218 aliquem
1889 2104 2105 2188 eorundem

681 2230 803 2309 latam
822 2231 897 2308 five
915 2229 1170 2336 imposterum
1192 2230 1392 2311 ferendam
1410 2231 1539 2311 infra'
1550 2235 1795 2341 procinctum
1814 2233 1917 2312 dicte
1931 2231 2103 2309 Univer-

683 2351 803 2430 fitatis
821 2351 948 2429 nostre
967 2351 1093 2430 versus
1113 2353 1187 2429 five
1204 2370 1341 2431 contra
1359 2354 1507 2459 aliquas
1526 2353 1703 2460 personas
1723 2354 1798 2431 five
1817 2354 1990 2459 aliquam
2010 2377 2102 2459 per·

682 2473 816 2552 sonam
832 2499 908 2579 que
924 2472 1083 2579 persone
1102 2474 1163 2554 vel
1175 2476 1335 2582 persona
1346 2476 1573 2553 authoritate
1586 2493 1626 2553 et
1640 2474 1795 2553 racione
1809 2473 2106 2582 privilegiorum

684 2612 724 2674 et
743 2594 969 2673 libertatum
988 2595 1102 2673 dietis
1123 2597 1375 2676 Cancellariis
1394 2616 1434 2674 et
1455 2596 1663 2674 scolaribus
1679 2612 1719 2673 et
1738 2593 2010 2673 successoribus
2026 2592 2103 2672 suis

682 2715 948 2796 concessorum
963 2716 1024 2794 vel
1037 2717 1376 2797 concedendomm
1392 2721 1494 2797 redte
1509 2736 1691 2797 tenentur
1705 2716 1765 2795 vel
1779 2733 1933 2795 tenetur
1946 2714 2041 2793 stare
2060 2717 2104 2794 in

676 2839 830 2945 judicio
861 2865 993 2917 coram
1021 2839 1134 2916 diuis
1162 2840 1405 2918 Cancellario
1438 2839 1711 2918 Commissario
1730 2857 1798 2917 aut
1816 2841 1898 2945 ejus
1918 2836 2103 2944 deputato

683 2979 750 3039 aut
779 2961 912 3066 aliquo
941 2959 1155 3039 eorundem
1182 2961 1364 3040 volumus
1394 2980 1490 3041 tunc
1508 2988 1580 3070 pro
1599 2959 1822 3066 hujusmodi
1841 2961 2033 3040 sentencia
2051 2958 2102 3037 fic

681 3110 752 3192 per
783 3085 935 3162 didum
967 3084 1255 3164 Cancellarium
1284 3082 1604 3163 Commiffariunt
1636 3083 1740 3161 five³
1758 3084 1841 3189 ejus
1870 3083 2107 3190 deputatum

683 3205 759 3284 five
788 3205 958 3313 aliquem
977 3232 1113 3284 eorum
1136 3205 1239 3312 juste
1259 3205 1319 3284 vel
1339 3206 1478 3312 injuste
1497 3207 1575 3285 lata
1593 3205 1653 3284 vel
1672 3203 1832 3287 serenda
1850 3223 1889 3284 et
1909 3231 1981 3312 pro
2001 3201 2101 3310 ejus-

684 3328 777 3407 dem
806 3329 999 3406 sentencie
1024 3331 1259 3408 executione
1292 3328 1342 3407 fic
1369 3328 1472 3435 juste
1503 3329 1565 3407 vel
1593 3327 1732 3433 injuste
1762 3330 1839 3407 late
1863 3326 1925 3407 vel
1943 3325 2102 3407 serende

682 3451 791 3556 quod
814 3476 885 3530 nec
910 3451 1104 3558 predidlus
1126 3451 1391 3529 Cancellarius
1404 3449 1697 3531 Commissarius
1712 3469 1780 3532 aut
1798 3451 1880 3555 ejus
1897 3449 2105 3557 deputatus

684 3597 757 3649 nec
777 3573 917 3680 aliquis
937 3573 1150 3652 eorundem
1169 3600 1241 3652 nec
1261 3572 1401 3680 aliquis
1417 3573 1592 3652 minister
1610 3572 1713 3651 dicte
1728 3569 1996 3652 Univerfitatis
2011 3571 2101 3649 nos·

680 3711 741 3771 tre
763 3695 893 3773 deaut
918 3721 989 3800 pro
1007 3695 1143 3773 eadem
1162 3695 1271 3774 causa
1289 3721 1359 3802 per
1376 3696 1506 3801 aliqua
1526 3696 1656 3771 brevia
1673 3696 1801 3773 nostra
1815 3713 1881 3773 aut
1900 3693 1974 3773 alia
1986 3719 2101 3772 man-

686 3815 775 3895 data
792 3816 918 3896 nostra
936 3815 1125 3896 heredum
1140 3834 1180 3897 et
1195 3815 1450 3897 successorum
1469 3813 1687 3894 nostrorum
1703 3814 1764 3892 vel
1775 3812 1853 3892 alio
1866 3816 1986 3895 modo
2001 3842 2103 3921 quo-

683 3963 856 4046 cumque
874 3940 988 4018 inviti
1004 3939 1206 4020 trahantur
1225 3967 1297 4018 nec
1316 3939 1455 4047 aliquis
1472 3963 1609 4017 eorum
1628 3935 1774 4016 invitus
1791 3933 1965 4015 trahatur
1992 3954 2102 4013 extra

594 4062 598 4068 '
681 4060 985 4142 Univerfitatem
1015 4063 1228 4171 predictam
1248 4078 1315 4140 aut
1334 4063 1606 4169 'precinetum
1635 4058 1807 4165 ejusdem
1827 4058 1876 4136 ad
1905 4056 2101 4164 judicium

680 4208 755 4260 nec
770 4211 901 4262 coram
917 4186 1029 4263 nobis
1049 4202 1116 4264 aut
1136 4184 1373 4265 Confiliariis
1391 4183 1527 4263 noſtris
1547 4207 1619 4261 nec
1642 4207 1774 4260 coram
1790 4179 2106 4288 quibuscumque

683 4305 912 4408 Justiciariis
929 4306 1064 4387 nostris
1083 4309 1126 4386 in
1146 4307 1460 4414 quibuscumque
1476 4306 1607 4385 Curiis
1628 4303 1763 4383 nostris
1774 4303 1836 4382 vel
1852 4303 1893 4381 in
1910 4328 2101 4409 quacum-

681 4453 759 4533 que
778 4427 898 4507 Curia
915 4428 1040 4507 nostra
1058 4447 1247 4509 vexentur
1272 4430 1547 4538 perturbentur
1566 4425 1817 4506 molestentur
1836 4426 1877 4505 in
1890 4425 2022 4532 aliquo
2036 4425 2101 4502 seu

685 4570 893 4657 graventur
922 4577 995 4630 nec
1026 4578 1164 4632 eorum
1192 4553 1333 4661 aliquis
1362 4569 1524 4632 vexetur
1540 4549 1791 4660 perturbetur
1809 4548 2032 4628 molestetur
2060 4547 2108 4626 in

1077 4787 1280 4848 VARIE
1321 4786 1717 4852 LECTIONES.

726 4934 741 4966 ⁶
761 4927 908 5006 percipere
922 4943 949 4990 et
960 4931 1093 4992 retinere.
1114 4933 1158 4992 H.
1171 4933 1222 4996 sol.
1237 4938 1304 5017 185.
1488 4944 1502 4984 r
1522 4955 1584 5013 per,
1606 4933 1648 4991 H.
1663 4931 1796 5010 f01.185.

725 5035 739 5076 ⁹
759 5027 946 5106 P¹⁰Cl¹²sl¹²ffi
966 5030 1010 5094 H·
1024 5031 1154 5112 f01·135·
1490 5043 1501 5073 ¹
1521 5032 1712 5114 protindlum.
1731 5030 1775 5094 H.
1790 5031 1842 5092 sol.
1855 5033 1922 5112 185.

1975 5156 2107 5262 aliquo
