5118 6544
948 635 988 730 1.
1058 635 1180 732 ED
1215 639 1294 735 W.
1366 637 1449 736 tv.

471 827 649 922 tempore
666 805 785 890 suerit
803 823 844 889 et
862 806 944 916 ejus
964 809 1067 890 vices
1091 837 1229 921 gerens
1249 809 1389 893 adhoc
1408 807 1589 892 homines
1610 807 1712 892 dicte
1730 809 1823 893 ville
1840 818 1900 895 'et

468 935 744 1014 suburbiorum
762 932 934 1039 ejusdem
954 951 993 1016 et
1014 933 1108 1012 alios
1129 933 1274 1041 quibus
1293 934 1492 1016 incumbit
1521 959 1620 1042 quos
1640 934 1770 1013 eidem
1789 936 1899 1016 Can·

468 1057 625 1136 cellario
649 1072 690 1134 et
724 1057 806 1162 ejus
827 1057 928 1134 vices
954 1058 1107 1164 gerenti
1134 1084 1268 1165 parere
1295 1060 1476 1140 volumus
1495 1059 1537 1137 in
1557 1053 1632 1138 hac
1657 1076 1766 1165 parte
1784 1057 1901 1165 poffit

466 1205 538 1288 per
556 1176 732 1258 censuras
753 1177 1023 1259 ecclefiasticas
1048 1177 1287 1288 compellere
1314 1181 1457 1290 absque
1475 1177 1652 1288 proficuo
1672 1181 1747 1260 suis
1767 1179 1897 1262 usibus

466 1301 699 1409 applicando
727 1319 769 1379 et
794 1303 901 1409 quod
928 1297 1152 1409 prohibicio
1178 1303 1307 1383 nostra
1333 1305 1398 1385 seu
1418 1303 1609 1383 heredum
1629 1301 1896 1384 nostrorumfi

465 1441 603 1503 contra
644 1421 824 1531 premissa
858 1422 961 1503 satta
997 1422 1116 1504 suerit
1153 1425 1253 1506 vires
1291 1453 1371 1507 non
1413 1424 1556 1508 habeat
1598 1453 1672 1506 nec
1709 1422 1896 1505 effestum

466 1545 614 1627 launa
660 1572 755 1626 cum
790 1545 881 1627 laici
925 1545 1160 1655 plerumque
1196 1547 1294 1630 ficut
1331 1547 1542 1631 scolaribus
1581 1547 1633 1629 fic
1673 1562 1714 1626 et
1754 1573 1893 1630 eorum
1929 1541 1966 1649 §·
1985 1541 2051 1647 46.

466 1667 718 1750 servientibus
762 1666 838 1750 fint
871 1667 1003 1749 infesti
1040 1672 1266 1753 ordinamus
1303 1673 1559 1754 concedimus
1597 1687 1637 1750 et
1670 1666 1746 1749 hac
1789 1687 1897 1752 carta

398 1789 402 1794 “
463 1791 592 1870 nostra
624 1789 903 1872 confirmamus
932 1818 1005 1900 pro
1037 1792 1152 1873 nobis
1184 1812 1226 1873 et
1250 1791 1459 1875 heredibus
1488 1793 1626 1872 nostris
1658 1790 1766 1900 quod
1798 1817 1894 1874 cum

464 1913 632 1993 ministri
659 1915 763 1992 dicte
789 1913 1059 1994 Universrtatis
1087 1934 1128 1994 ct
1156 1917 1361 1997 servientes
1392 1905 1625 1997 clericorum
1652 1912 1701 1994 ad
1729 1931 1895 2023 quotam

465 2036 637 2141 aliquam
665 2032 889 2116 solvendam
915 2034 965 2115 de
991 2037 1106 2116 bonis
1131 2037 1206 2118 suis
1230 2039 1273 2120 in
1302 2039 1395 2119 villa
1419 2037 1617 2148 predisia²
1634 2053 1674 2117 et
1698 2035 1894 2118 suburbiis

462 2157 636 2263 ejusdem
664 2157 849 2238 affideudi
872 2157 1021 2239 fuerint
1048 2159 1107 2238 vel
1137 2162 1294 2242 taxandi
1314 2160 1579 2242 Cancellarius
1598 2159 1701 2238 dicte
1720 2159 1894 2239 Univer-

461 2279 582 2358 fitatis
619 2281 679 2360 vel
708 2279 790 2386 ejus
817 2282 921 2361 vices
948 2305 1087 2388 gerens
1116 2301 1156 2361 et
1185 2309 1264 2362 non
1293 2283 1428 2390 Major
1464 2282 1530 2362 seu
1567 2279 1749 2362 homines
1788 2280 1895 2362 diste

462 2400 554 2481 ville
584 2401 708 2483 diCtos
735 2401 931 2482 ministros
956 2419 997 2482 et
1021 2401 1228 2484 scolarium
1245 2405 1453 2487 servientes
1471 2403 1667 2485 videlicet·
1684 2401 1894 2484 famularer

461 2523 665 2632 scriptores
679 2531 703 2564 '
734 2523 1060 2605 Alumniatores*
1085 2525 1420 2639 Pargamentarios
1444 2525 1492 2607 ad
1511 2542 1650 2634 quotas
1669 2522 1895 2632 hujusmodi

461 2644 626 2726 fideliter
655 2666 695 2726 et
723 2646 1012 2727 racionabiliter
1037 2667 1156 2755 prout
1185 2649 1252 2732 alii
1278 2647 1461 2730 homines
1489 2648 1594 2727 dicte
1623 2648 1744 2727 villel
1762 2663 1803 2726 et
1829 2646 1896 2727 su·

465 2767 697 2850 burbiorum
716 2769 889 2877 ejusdem
922 2767 1038 2848 affeffi
1074 2769 1224 2853 suerint
1254 2773 1372 2880 juxta
1403 2771 1666 2879 quantitatem
1697 2769 1895 2850 bonorum

460 2890 619 2971 suorum
647 2892 881 2972 taxabilium
909 2892 1206 3000 imperpetuum
1233 2893 1417 2972 affideant
1444 2911 1562 3000 atque
1590 2909 1725 2971 taxent
1753 2907 1793 2971 et
1820 2915 1895 2998 pe·
1950 2957 1954 2962 ,

320 3063 323 3068 ·
461 3016 621 3090 cuniam
650 3013 701 3091 fic
732 3011 901 3091 assellam
931 3039 1002 3118 per
1029 3013 1225 3090 ministros
1252 3015 1337 3092 suos
1364 3013 1483 3091 levari
1508 3011 1656 3092 faciant
1685 3012 1834 3118 Majori
1853 3027 1894 3092 et

462 3133 620 3213 Ballivis
649 3133 753 3212 diste
781 3130 875 3212 ville
907 3157 977 3239 per
1008 3131 1260 3214 indenturam
1296 3132 1538 3215 liberandam
1572 3148 1613 3213 et
1645 3131 1674 3213 fi
1708 3128 1892 3213 homines

462 3257 564 3335 diste
597 3254 688 3334 ville
718 3254 767 3335 de
796 3255 999 3334 taxatione
1026 3278 1098 3362 per
1123 3255 1345 3364 predistum
1364 3255 1651 3338 cancellarium
1671 3255 1774 3334 male
1792 3251 1895 3334 sacta

461 3377 662 3485 conquesti
687 3374 835 3456 suerint
858 3374 971 3483 super
994 3371 1073 3456 hoc
1091 3402 1160 3485 per
1180 3378 1375 3459 ministros
1395 3377 1543 3459 nostros
1562 3376 1741 3458 celeriter
1756 3376 1894 3486 inqui-

1997 673 2060 768 27

461 3517 567 3580 ratur
592 3517 631 3578 et
655 3497 828 3577 defectus
857 3500 927 3606 qui
955 3515 1129 3607 repertus
1148 3497 1269 3582 suerit
1283 3500 1417 3582 debite
1432 3501 1650 3609 corrigatur
1760 3498 1892 3579 Volu·
1929 3483 1966 3591 §.
1984 3507 2052 3596 47·

460 3647 549 3702 mus
578 3637 711 3700 autem
733 3638 772 3700 et
802 3618 1055 3700 concedimus
1090 3621 1198 3731 quod
1226 3622 1461 3704 Cancellarii
1495 3619 1766 3703 Univerfitatis
1799 3647 1893 3730 pre-

384 3789 385 3792 ¹
458 3743 660 3851 dissequi
689 3769 761 3855 pro
790 3759 968 3851 ternpore
992 3760 1109 3824 erunt
1139 3762 1180 3824 et
1209 3769 1347 3825 eorum
1373 3746 1477 3827 vices
1506 3760 1683 3853 gerentes
1701 3741 1894 3852 premiffis

458 3866 645 3946 omnibus
664 3883 705 3945 et
723 3864 882 3974 singulis
901 3865 956 3944 eis
975 3865 1017 3944 in
1036 3863 1165 3946 forma
1182 3867 1357 3976 predicta
1374 3867 1558 3950 concessis
1576 3866 1692 3976 plene
1710 3865 1832 3946 libere
1849 3881 1892 3946 et

458 3989 611 4098 integre
629 3987 825 4098 gaudeant
841 4003 882 4067 et
900 3987 1188 4094 utanturjuxta
1205 3987 1378 4070 sormam
1396 3988 1696 4070 ordinacionum
1722 4004 1763 4069 et
1789 4012 1890 4066 con·
2014 3981 2017 3986 ’

458 4110 672 4190 ceffionum
698 4111 962 4219 predistarum
999 4136 1081 4189 non
1114 4110 1356 4194 obstantibus
1387 4111 1605 4222 privilegiis
1641 4101 1891 4190 libertatibus

459 4231 805 4315 consuetudinibus
841 4230 906 4314 seu
944 4231 1298 4343 composicionibus
1334 4235 1539 4316 contrariis
1575 4230 1890 4344 quibuscumque

831 4469 1084 4536 ventas
1124 4472 1519 4536 LECTIONBS.

499 4628 615 4706 *desunt
627 4641 655 4690 et
667 4625 811 4689 suburbiis
824 4631 962 4709 ejusdem.
983 4630 1025 4693 H.
1037 4633 1090 4698 sol.
1105 4653 1156 4720 75,
1256 4634 1462 4698 Liminetores.
1480 4631 1525 4696 H.
1539 4631 1592 4694 fol.
1607 4648 1663 4710 13²

502 4723 516 4756 ⁸
531 4717 697 4781 familiares.
717 4717 759 4778 H.
775 4719 828 4780 fol.
840 4739 891 4802 75.
1228 4731 1244 4764 ¹
1254 4725 1509 4804 Pergsminttores.
1527 4722 1570 4786 H.
1584 4721 1638 4783 sol.
1651 4737 1704 4802 75.

504 4812 525 4844 '
535 4807 750 4874 llliruuietores.
770 4811 814 4876 H.
825 4812 878 4878 sol.
889 4829 941 4898 75.
1262 4815 1516 4895 Pergamenterior.
1534 4813 1578 4875 tt.
1593 4811 1646 4872 sol.
1663 4826 1731 4870 roo.
1746 4808 1815 4889 ¹5⁸·

1234 4899 1729 4986 ’desmtetsuburbioremejusdem
1739 4895 1900 4980 ts.s01.75.

1173 5067 1214 5147 D
1244 5093 1269 5150 2
1766 5064 1905 5167 usn
