5118 6544
868 583 1430 685 INJ'EDWIV
1953 623 2018 718 41

442 792 540 876 limo
573 785 741 872 secundo
769 787 878 894 regni
905 813 997 868 vero
1027 784 1145 868 nostri
1174 787 1208 868 F
1210 812 1339 868 rancre
1372 767 1528 866 decimo
1560 811 1666 868 nono
1775 785 1871 870 Nos
1957 813 1994 918 §.
2014 834 2083 922 77

445 938 622 998 nurum
652 909 912 992 conceffiones
941 911 1209 992 ordinaciones
1235 910 1434 990 libertates
1447 908 1743 1018 jurisdicciones
1772 936 1871 990 con·
1887 921 2090 986 vereamur.

443 1038 689 1120 firmaciones
716 1053 756 1116 et
783 1035 918 1114 omnia
946 1051 986 1114 et
1014 1033 1196 1144 srngula
1185 1060 1225 1114 ιη
1246 1050 1350 1114 carta
1369 1050 1408 1114 et
1426 1031 1548 1115 literis
1567 1034 1752 1142 predidtis
1772 1061 1875 1116 con·
1887 1001 1930 1066 11.

444 1177 552 1242 tenta
579 1175 770 1267 quatenus
800 1157 926 1237 diuos
956 1158 1246 1239 Cancellarium
1276 1157 1486 1266 Magistros
1510 1156 1679 1236 Scolares
1703 1176 1743 1236 et
1762 1157 1872 1238 Uni-

443 1281 662 1364 verfitatem
682 1281 801 1360 Oxon
825 1279 1030 1364 dumtaxat
1057 1299 1300 1363 concernunt
1330 1297 1411 1360 rata
1435 1278 1622 1362 habentes
1641 1295 1681 1360 et
1700 1296 1811 1387 grata
1829 1307 1874 1365 ea

445 1431 518 1516 pro
533 1404 645 1486 nobis
662 1419 703 1482 et
717 1401 927 1485 heredibus
948 1403 1085 1486 nostris
1105 1403 1360 1512 quantumin
1381 1405 1493 1484 nobis
1513 1402 1567 1482 est
1586 1401 1737 1484 dilectis
1759 1403 1874 1487 nobis

446 1554 551 1608 nunc
587 1525 832 1607 Cancellario
860 1525 1059 1634 Magistris
1086 1545 1128 1608 et
1157 1526 1376 1608 Scolaribus
1401 1527 1503 1606 diste
1532 1526 1804 1608 Universrtatis
1833 1544 1877 1610 et

441 1675 579 1730 eorum
616 1647 890 1728 successoribus
929 1651 1225 1758 imperpetuum
1269 1648 1419 1730 ibidem
1457 1647 1793 1730 commorantibus
1832 1665 1874 1730 et

440 1775 740 1852 commoraturis
768 1771 818 1852 de
839 1774 968 1878 gracia
986 1773 1113 1854 nostra
1133 1770 1290 1880 speciali
1309 1798 1352 1850 ac
1371 1772 1420 1852 de
1439 1769 1582 1852 assensu
1601 1771 1759 1851 concilii
1780 1769 1873 1850 nos-

440 1896 493 1973 tri
526 1895 787 2002 approbamus
816 1893 1051 1974 ratificamus
1081 1911 1121 1974 et
1147 1911 1280 1974 tenore
1300 1893 1543 2001 presencium
1562 1893 1814 1973 concedimus
1832 1911 1874 1976 et

440 2014 720 2096 confirmamus
752 2015 848 2094 ficut
875 2035 980 2098 carta
998 2035 1037 2096 et
1056 2019 1167 2098 litere
1186 2015 1359 2123 prediste
1378 2013 1665 2128 racionabiliter
1685 2015 1873 2096 testantur

441 2138 620 2218 Preterea
647 2165 696 2217 err
730 2138 902 2218 uberiori
929 2141 1059 2248 gracia
1077 2138 1207 2220 nostro
1225 2137 1273 2218 de
1292 2137 1435 2218 assensu
1455 2137 1615 2218 concilii
1634 2136 1753 2216 nostri
1772 2163 1872 2216 con«

439 2261 619 2341 oesl'rmus
637 2255 710 2338 dea
742 2287 814 2368 pro
845 2261 957 2340 nobis
986 2281 1025 2340 et
1053 2260 1262 2340 heredibus
1292 2259 1428 2341 nostris
1457 2277 1496 2338 et
1525 2258 1599 2338 hac
1618 2276 1723 2338 carta
1742 2259 1871 2340 nostra

437 2381 754 2461 confirmavimus
774 2381 881 2488 quod
899 2381 993 2462 licet
1011 2384 1135 2463 iidem
1151 2381 1415 2464 Cancellarius
1435 2381 1618 2490 Magistri
1637 2398 1677 2461 et
1698 2383 1874 2464 Scolares

437 2505 499 2583 vel
527 2531 666 2584 eorum
698 2501 976 2611 predecessores
995 2504 1241 2586 libertatibus
1262 2505 1494 2612 quietanciis
1514 2503 1727 2611 priveligiis
1747 2504 1870 2608 etju·

438 2625 732 2706 risdiccionibus
758 2627 801 2704 in
825 2644 932 2706 carta
949 2645 989 2706 et
1008 2629 1132 2708 literis
1152 2628 1338 2734 predictis
1353 2629 1547 2708 conten-tis
1567 2625 1629 2706 vel
1646 2625 1777 2733 aliqua
1798 2653 1870 2706 eo..

438 2750 606 2829 rundem
638 2747 772 2856 aliquo
798 2748 888 2830 casu
915 2769 1140 2858 emergente
1167 2747 1354 2830 haetenus
1382 2751 1499 2858 plene
1527 2749 1582 2828 ufi
1611 2775 1691 2828 non
1720 2749 1872 2832 fuerint

435 2871 508 2979 ipfi
540 2889 673 2950 tamen
700 2889 741 2951 et
771 2899 909 2952 eorum
937 2870 1162 2953 successores
1181 2871 1366 2950 omnibus
1386 2889 1426 2950 et
1444 2870 1601 2976 singulis
1620 2871 1871 2950 libertatibus

435 2995 667 3100 quietanciis
692 2992 1033 3096 jurisdiccionibus
1062 3009 1101 3070 et
1131 2990 1343 3098 privilegiis
1371 2990 1553 3099 prodistis
1583 2991 1656 3070 fibi
1693 3007 1737 3070 ut
1774 3017 1873 3098 pre-

436 3113 590 3192 distum
622 3111 677 3190 est
709 3111 893 3191 conceffis
923 3111 1064 3219 absque
1101 3111 1389 3220 impedimento
1427 3111 1546 3192 nostri
1581 3112 1642 3190 vel
1676 3110 1873 3196 heredum,

435 3234 655 3315 nostrorum
682 3231 992 3337 Justiciariorum
1025 3233 1278 3314 Escaetorurn
1299 3236 1592 3315 Vicecomitum
1613 3251 1679 3316 aut
1699 3235 1872 3318 aliorum·

437 3357 677 3440 Ballivorum
709 3357 774 3434 seu
803 3356 1079 3436 Ministrorum
1108 3357 1328 3437 nostrorum
1350 3383 1693 3466 quorumcumque
1710 3383 1866 3438 exnunc

434 3479 552 3588 plene
603 3478 798 3584 gaudeant
852 3495 894 3556 et
935 3498 1094 3558 utantur
1140 3481 1434 3596 imperpetuum
1569 3481 1662 3560 Hiis
1705 3479 1868 3561 testibus

433 3599 720 3679 venerabilibus
750 3600 923 3706 patribus
952 3604 990 3680 S.
1019 3603 1202 3681 Cantuar'
1230 3601 1535 3711 Archiepiscopo
1563 3603 1689 3682 tocius
1718 3603 1875 3708 Anglie·

434 3721 607 3802 Primate
644 3723 683 3800 A
715 3721 925 3802 Meneven’
960 3721 1205 3804 Cancellario
1243 3722 1407 3806 Thema
1443 3725 1571 3804 Exon'
1605 3723 1865 3806 Thesaurario

434 3845 563 3924 nostro
594 3841 755 3924 Thoma
783 3845 890 3924 Karl'
920 3863 960 3925 et
986 3847 1025 3924 R
1059 3847 1194 3926 Sarum
1215 3847 1417 3956 Episcopis
1436 3845 1616 3950 Johanne
1635 3847 1746 3954 Rege
1766 3847 1870 3926 Cas--

432 3967 526 4048 telle
548 3984 589 4046 et
615 3967 800 4074 Legionis
821 3969 936 4048 Duce
955 3968 1174 4048 Lancastrie
1195 3970 1409 4050 Edmundo
1428 3971 1587 4048 Comite
1608 3968 1862 4077 Cantebrigie

432 4088 648 4170 Avunculis
680 4089 816 4169 nostris
849 4089 1049 4170 cariffimis
1078 4092 1293 4172 Edmundo
1321 4093 1370 4171 de
1398 4112 1556 4171 mortuo
1585 4091 1693 4178 Mari
1712 4089 1860 4172 March

431 4209 633 4291 Richardo
648 4213 841 4292 Arundell
861 4232 899 4294 et
919 4213 1142 4293 Willielmo
1161 4216 1210 4294 de
1229 4215 1372 4296 Monte
1393 4232 1507 4294 acuto
1528 4215 1663 4293 Sarum
1684 4215 1860 4294 eomiti-

432 4331 504 4412 bus
525 4335 733 4415 Henrico‘
757 4335 938 4444 Lescrop'
966 4335 1167 4416 Richardo
1186 4339 1235 4416 de
1255 4335 1422 4417 Stafford
1441 4335 1859 4445 Richardo‘Lescrop’

431 4456 645 4536 senescallo
675 4456 839 4565 hospicii
866 4457 984 4538 nostri
1012 4479 1052 4539 et
1078 4461 1163 4538 aliis
1184 4461 1277 4540 Dat'
1297 4489 1365 4568 per
1383 4487 1547 4540 manum
1567 4457 1867 4566 nostramsapudz

430 4576 822 4662 westmonasterium
853 4581 1035 4662 vicefimo
1064 4583 1128 4662 die
1157 4583 1255 4687 Julii
1283 4586 1404 4663 Anno
1423 4585 1533 4692 regni
1552 4581 1670 4662 nostri
1689 4580 1869 4660 secundo

852 4819 1060 4885 VARIAE
1100 4819 1436 4886 LECTIONES

468 4951 625 5032 ‘'daepsea.
657 4957 698 5022 ll.
715 4957 766 5018 sol.
785 4977 853 5044 ¹05·
1227 4969 1239 4999 θ
1260 4961 1415 5037 Lescrop.
1432 4959 1474 5019 H.
1494 4959 1545 5020 sol.
1567 4977 1634 5040 ¹05·
1773 5047 1794 5126 I

1798 5068 1860 5124 N-
