5118 6544
1139 582 1618 679 CARTA

672 770 788 854 liceat
808 771 954 853 eisdem
975 772 1221 853 Cancellario
1237 773 1509 856 Commissario
1522 775 1709 883 deputato
1724 771 1799 855 five
1819 773 2100 885 vicemgerenti

671 913 711 974 et
738 895 947 976 scolaribus
976 912 1016 973 et
1044 893 1318 978 successoribus
1347 899 1420 978 suis
1447 900 1580 978 omnia
1598 899 1773 1007 predisla
1791 895 1887 979 fines
1907 899 2098 980 amercia-

671 1036 805 1097 menta
824 1017 1118 1127 redempciones
1138 1022 1265 1097 exitus
1284 1019 1546 1100 sorissadluras
1566 1020 1766 1102 deodanda
1786 1019 2011 1103 thesaurum
2032 1024 2098 1102 in·

670 1159 833 1221 ventum
863 1167 1010 1222 annum
1039 1142 1144 1222 diem
1164 1142 1315 1222 vastum
1333 1142 1487 1223 castalla
1505 1142 1684 1223 felonum
1703 1146 1969 1252 utlagatorum
1988 1141 2098 1253 fugi-

671 1264 845 1342 tivorum
854 1265 1193 1371 dampnandorum
1204 1261 1437 1362 felonumde
1451 1269 1487 1344 se
1496 1264 1724 1346 felonumin
1732 1267 1933 1374 exigendis
1945 1266 2097 1375 polito-

672 1410 762 1464 rum
779 1405 820 1466 et
847 1406 976 1466 cetera
994 1383 1173 1496 premissa
1192 1414 1442 1497 quecumque
1456 1395 1520 1467 ‘et
1538 1389 1878 1497 qualitercumque
1896 1387 2099 1468 forisfaua
2138 1391 2142 1406 “

560 1597 566 1612 ,
670 1508 747 1588 five
765 1507 1040 1589 forisfacienda
1058 1527 1098 1590 et
1117 1510 1251 1590 omnia
1269 1538 1347 1618 que
1366 1510 1415 1590 ad
1434 1537 1504 1592 nos
1522 1508 1685 1592 heredes
1705 1530 1745 1593 et
1763 1510 1988 1592 successores
2005 1511 2097 1590 nos·

670 1647 750 1711 tros
778 1633 826 1711 de
858 1632 971 1711 distis
999 1631 1144 1712 finibus
1172 1634 1483 1713 amerciamentis
1511 1634 1683 1714 exitibus
1702 1635 1766 1714 die
1783 1640 1851 1713 'et
1869 1661 1973 1714 anno
1992 1632 2098 1714 vaslo

668 1751 823 1863 streppo
837 1753 1039 1835 deodando
1053 1755 1201 1834 catallis
1213 1751 1393 1835 selonum
1406 1755 1670 1863 utlagatorum
1682 1754 1942 1865 fugitivorum
1955 1756 2098 1866 damp-

666 1877 889 1957 nandorum
916 1875 1096 1957 felonum
1125 1877 1173 1956 de
1200 1874 1238 1955 se
1257 1877 1268 1916 ⁸
1285 1879 1328 1957 in
1356 1877 1558 1986 exigendis
1586 1877 1802 1988 postorum
1829 1879 1904 1958 five
1922 1877 2034 1958 aliter
2053 1894 2096 1960 ut

664 1999 880 2107 predicitur
898 1995 1106 2082 forisfactis
1125 2025 1287 2110 quoquo
1305 2000 1426 2080 modo
1444 2001 1620 2110 petinere
1634 1998 1749 2110 poffit
1764 2027 1835 2110 per
1845 1999 1946 2110 ipsos
1961 2018 2001 2080 et
2016 2001 2097 2080 mi-

666 2121 806 2202 nistros
838 2123 925 2204 suos
956 2122 1083 2202 levare
1111 2122 1294 2230 colligere
1322 2122 1523 2233 percipere
1543 2142 1583 2203 et
1601 2121 1745 2204 habere
1764 2142 1848 2203 tam
1869 2149 1939 2233 per
1958 2147 2097 2204 manus

664 2240 748 2322 suas
765 2245 939 2352 proprias
966 2244 1041 2322 five
1073 2243 1347 2350 assignatorum
1368 2245 1526 2326 suorum
1546 2247 1620 2326 five
1640 2247 1918 2356 deputatorum
1936 2244 2096 2326 suorum

664 2391 786 2472 quam
803 2393 873 2474 per
892 2391 1029 2445 manus
1051 2365 1308 2444 Vicecomitis
1328 2364 1543 2444 Escaetoris
1563 2383 1602 2444 et
1617 2367 1785 2445 aliorum
1801 2366 2096 2446 Officiariorum

666 2487 888 2566 nostrorum
907 2513 1250 2597 quorumcumque
1268 2503 1310 2565 et
1324 2484 1463 2596 seipsos
1477 2488 1519 2565 in
1535 2486 1710 2566 seismam
1728 2487 1822 2566 inde
1840 2514 1986 2596 ponere
2007 2487 2096 2568 abs-

666 2635 745 2720 que
763 2609 986 2718 calumpnia
1004 2609 1260 2718 impericione
1280 2609 1341 2687 vel
1360 2610 1648 2719 impedimento
1678 2608 1797 2688 nostri
1822 2609 1884 2687 vel
1903 2606 2097 2690 heredum

666 2731 887 2813 nostrorum
917 2731 1194 2813 officiariorum
1217 2730 1280 2811 vel
1298 2731 1567 2813 ministrorum
1587 2731 1807 2812 nostrorum
1823 2732 1884 2811 vel
1904 2729 2097 2812 heredum

668 2854 888 2934 nostrorum
918 2854 1186 2963 predistorum
1217 2872 1284 2933 aut
1312 2854 1480 2934 aliorum
1508 2855 1821 2959 Justiciariorum
1840 2853 2096 2934 Escaetorum

667 2976 963 3058 vicecomitum
984 2977 1272 3057 Coronatorum
1292 2976 1497 3082 Majorum
1516 2977 1754 3056 Ballivorum
1775 2976 2096 3057 Constabulario·

667 3126 757 3181 rum
774 3100 839 3180 seu
859 3099 1128 3180 ministrorum
1146 3097 1363 3179 nostrorum
1382 3099 1443 3177 vel
1458 3094 1650 3178 heredum
1664 3097 1886 3180 nostrorum
1902 3126 2096 3207 quorum·

502 3242 539 3348 §·
563 3265 626 3352 ¹3·
664 3249 838 3333 cumque
949 3224 1019 3303 Er
1054 3245 1249 3304 susurru
1274 3221 1457 3303 volumus
1475 3237 1516 3301 et
1537 3248 1608 3330 per
1625 3220 1820 3330 presentes
1840 3223 2094 3302 concedimus

664 3349 772 3455 quod
791 3347 956 3457 predidli
976 3345 1239 3426 Cancellarius
1259 3363 1299 3426 et
1324 3345 1484 3426 scolares
1510 3372 1556 3425 ac
1574 3370 1712 3425 omnes
1730 3371 1869 3425 eorum
1887 3345 2094 3426 servientes

664 3488 705 3549 et
724 3469 927 3576 cujussibet
946 3495 1084 3549 eorum
1103 3468 1275 3573 servienq
1288 3486 1356 3549 aut
1371 3495 1509 3548 eorum
1528 3467 1593 3550 seu
1605 3468 1708 3547 dicte
1728 3467 1999 3547 Univerfitatis
2012 3469 2094 3548 mi-

664 3593 774 3675 nistri
795 3592 956 3674 firmarii
975 3610 1014 3672 et
1035 3610 1211 3673 tenentes
1230 3591 1288 3672 sui
1306 3610 1346 3673 et
1361 3581 1498 3671 eorum
1511 3590 1681 3699 quilibet
1693 3589 1934 3698 ubicumque
1947 3587 2095 3670 suerint

661 3717 862 3797 exonerati
892 3733 932 3796 et
955 3715 1081 3824 quieti
1105 3713 1179 3792 lint
1198 3712 1247 3791 de
1266 3712 1581 3821 quibuscumque
1596 3713 1705 3818 prifis
1724 3710 1976 3819 chiminagiis
1998 3738 2093 3821 cap-

662 3839 841 3921 cionibus
860 3845 876 3878 ¹¹
895 3838 1207 3946 carrigiariorum
1224 3859 1418 3943 equorum
1432 3834 1672 3913 carettarum
1686 3828 1947 3941 plaustromm
1966 3853 2006 3913 et
2021 3835 2094 3914 ali·

661 3988 777 4043 orum
790 3970 806 4003 ¹¹
817 3962 1130 4070 carrigiariorum
1148 3985 1222 4040 nec
1240 3984 1319 4038 non
1338 3953 1530 4036 frumenti
1549 3954 1659 4036 ordei
1676 3951 1760 4034 feni
1777 3953 1941 4064 filiginis
1952 3981 2094 4036 avena·

661 4110 751 4166 rum
777 4083 956 4164 fabarum
974 4081 1146 4194 pisarum
1165 4082 1289 4162 boum
1309 4078 1584 4159 boviculorum
1598 4103 1803 4158 vaccarum
1816 4077 2094 4184 jumentorum

660 4206 841 4287 omnium
856 4232 1066 4317 porcorum
1084 4201 1351 4317 porcellorum
1369 4228 1575 4312 caprarum
1594 4199 1758 4281 edorum
1778 4227 1971 4310 agnorum
1987 4203 2093 4281 vitu·

660 4329 793 4412 lorum
811 4355 996 4408 ansarum
1015 4324 1175 4409 anatum
1195 4351 1393 4436 caponum
1409 4324 1648 4434 gallinarum
1664 4323 1866 4434 pullorum
1884 4324 2095 4404 columba·
2143 4329 2150 4334 “

614 4437 617 4444 ’
661 4477 752 4534 rum
771 4451 997 4534 dentricum
1015 4451 1279 4560 anguillarum
1293 4464 1334 4529 et
1348 4455 1372 4490 '
1385 4449 1550 4532 aliarum
1560 4446 1732 4558 piscium
1749 4446 1974 4529 recencium
1989 4474 2094 4557 quo·

1077 4687 1293 4751 vastae
1332 4685 1676 4751 LECTIONES

703 4836 801 4913 'deest
814 4849 853 4898 et.
875 4835 918 4897 Η.
939 4834 991 4896 sol.
1008 4836 1078 4894 181.
1438 4831 1689 4908 ¹cmiagi0mm.
1709 4829 1907 4892 H.f01.182.

703 4937 714 4966 ·
735 4931 801 5006 deest
815 4945 854 4990 et.
875 4929 916 4992 H.
929 4929 981 4991 sol.
997 4931 1066 4991 1⁸2.
1438 4930 1459 4963 '
1479 4925 1614 4986 eliorum.
1633 4921 1675 4986 Η.
1688 4923 1743 4985 sol.
1762 4924 1831 4983 182.

700 5029 711 5067 ⁸
733 5027 875 5090 selouum.
894 5024 1089 5088 H.sol.182.

1837 5169 2102 5255 rumcumque
