5118 6544
837 654 875 747 1.
946 651 1088 745 no
1135 651 1215 747 w.
1309 651 1399 744 tv,
1932 681 1981 774 ς,

410 858 546 941 lumus
561 852 667 962 quod
687 851 756 932 ista
774 857 967 932 retaxacio
986 855 1147 963 incipiat
1168 883 1189 932 a
1209 871 1385 962 tempore
1404 847 1668 930 confeccionis
1688 848 1845 960 presen-

413 983 522 1062 cium
549 979 751 1055 literarum
798 977 846 1055 In
865 979 975 1083 cujus
998 981 1052 1055 rei
1083 979 1350 1056 testimonium
1383 977 1451 1055 has
1472 974 1600 1053 literas
1620 972 1765 1051 nostras
1786 973 1845 1050 ei-

415 1103 508 1182 dem
540 1099 791 1179 Univerfitati
823 1097 991 1178 fecimus
1024 1097 1108 1178 fieri
1146 1119 1322 1207 patentes
1367 1096 1485 1178 Teste
1517 1097 1589 1174 Me
1623 1095 1707 1204 ipso
1741 1093 1847 1202 apud

414 1221 634 1304 Wodestok
653 1222 808 1300 decimo
827 1222 890 1300 die
910 1223 1111 1300 Februarii
1131 1225 1251 1300 Anno
1276 1223 1387 1328 regni
1414 1219 1533 1298 nostri
1553 1217 1848 1326 quadragesrmo

415 1347 701 1427 lnsrnxrnus
738 1343 863 1423 eciam
895 1344 1080 1451 quasdam
1117 1345 1209 1424 alias
1242 1344 1371 1422 literas
1405 1362 1580 1452 patentes
1614 1367 1710 1446 quas
1740 1339 1847 1417 idem
1891 1336 1925 1439 §
1941 1360 1982 1438 4.

413 1467 524 1548 Avus
544 1465 671 1548 noster
690 1464 785 1544 fecit
804 1467 908 1545 dicte
930 1465 1181 1546 Univerfitati
1200 1468 1243 1545 in
1263 1465 1346 1545 haec
1366 1467 1483 1544 verba
1594 1463 1844 1541 Hsuurcus
1862 1469 1942 1533 Hen·
1956 1467 2015 1530 111.

415 1587 495 1668 Dei
527 1591 657 1694 gracia
690 1589 778 1666 Rex
804 1589 952 1695 Anglie
979 1589 1178 1668 Dominus
1210 1588 1406 1668 Hibernie
1441 1603 1481 1666 et
1508 1587 1604 1665 Dux
1631 1585 1848 1692 Aquitanis

417 1709 618 1790 Omnibus
631 1709 786 1819 adquos
797 1712 991 1818 presentes
1003 1712 1115 1790 litere
1128 1713 1377 1820 pervenerint
1389 1710 1552 1789 salutern
1641 1710 1850 1787 Inspexi·
1891 1719 1926 1826 5
1947 1743 1990 1824 4,

418 1857 514 1912 mus
555 1833 685 1912 literas
723 1861 818 1938 quas
853 1835 1105 1913 Universrtati
1145 1835 1362 1913 Scolarium
1402 1834 1521 1912 Oxon
1560 1827 1644 1909 fieri
1681 1829 1851 1910 fecimus

416 1957 538 2034 Anno
567 1959 675 2062 regni
709 1955 830 2034 nostri
867 1957 1060 2037 tricesimo
1091 1982 1197 2034 nono
1232 1956 1301 2035 sub
1330 1955 1454 2062 sigillo
1483 1953 1612 2032 nostro
1639 1979 1719 2060 quo
1753 1971 1851 2030 tunc

416 2076 626 2154 utebamur
657 2079 697 2154 in
732 2077 805 2156 hec
825 2077 942 2158 verba
1055 2079 1305 2158 Huunrcus
1337 2078 1415 2156 Dei
1446 2078 1574 2184 gracia
1595 2076 1684 2154 Rex
1704 2074 1849 2181 Anglie

416 2195 615 2276 Dominus
643 2197 838 2277 Hibernie
873 2201 969 2278 Dux
997 2199 1244 2279 Normannie
1271 2202 1485 2307 Aquitanis
1519 2216 1558 2276 et
1587 2199 1732 2277 Comes
1758 2197 1849 2273 An-

417 2315 578 2426 degavie
606 2320 806 2399 Omnibus
838 2321 885 2398 ad
913 2347 1009 2429 quos
1042 2324 1234 2430 presentes
1267 2324 1380 2402 litere
1407 2321 1656 2429 pervenerint
1685 2319 1851 2398 salutem

415 2440 611 2520 Scrarrs
641 2443 748 2548 quod
778 2443 826 2520 ad
855 2470 992 2551 pacem
1013 2464 1052 2522 et
1073 2444 1399 2554 tranquillitatem
1421 2471 1575 2523 necnon
1599 2450 1666 2521 'et
1696 2442 1849 2520 utilita-

414 2581 499 2642 tem
529 2563 798 2643 Univerfitatis
827 2565 1044 2666 Scolacium
1074 2569 1193 2648 Oxon
1238 2566 1479 2677 providimus
1514 2585 1554 2643 et
1592 2563 1850 2644 concessamus

415 2684 524 2792 quod
542 2701 709 2792 quatuor
728 2687 987 2767 Aldermanni
1006 2688 1101 2769 fiant
1120 2694 1161 2770 in
1178 2691 1297 2769 Oxon
1317 2709 1357 2768 et
1377 2693 1466 2767 osto
1486 2691 1534 2767 de
1554 2685 1849 2765 discrecioribus

414 2826 454 2887 et
473 2808 723 2916 legalioribus
744 2811 1001 2918 Burgenfibus
1022 2813 1194 2918 ejusdem
1212 2813 1318 2892 Ville
1336 2810 1566 2890 associentur
1592 2809 1683 2916 ipsrs
1704 2808 1850 2886 Alder-

415 2931 570 3011 mannis
590 2934 660 3038 qui
680 2959 816 3010 omnes
840 2935 975 3038 jurent
1005 2937 1119 3010 nobis
1145 2931 1376 3011 fidelitatem
1405 2949 1445 3009 et
1469 2932 1542 3011 fint
1574 2929 1781 3008 aslistentes
1811 2945 1852 3006 et

415 3053 661 3128 consulentes
687 3055 835 3155 Majori
865 3069 904 3126 et
930 3053 1089 3127 Ballivis
1121 3053 1259 3128 nostris
1289 3054 1408 3127 Oxon
1438 3052 1485 3127 ad
1515 3076 1654 3159 pacem
1681 3051 1852 3128 nostram

415 3171 718 3251 conservandam
750 3172 798 3246 ad
829 3167 949 3247 affisas
981 3171 1084 3248 diste
1110 3172 1213 3250 Ville
1242 3171 1511 3252 custodiendas
1542 3189 1582 3250 et
1609 3171 1657 3250 ad
1690 3171 1851 3249 investi·

415 3293 564 3402 gandos
587 3290 854 3370 malefactores
875 3311 914 3369 et
939 3293 1226 3399 perturbatores
1254 3297 1361 3401 pacis
1391 3295 1517 3372 nostre
1544 3314 1583 3372 et
1602 3294 1851 3400 vagabundos

417 3416 467 3495 de
499 3417 611 3492 noste
641 3431 681 3490 et
703 3405 1175 3521 breceptoreslatronum
1195 3436 1234 3494 et
1261 3413 1558 3495 malefactorum
1587 3432 1627 3494 et
1652 3413 1852 3522 corporale

418 3535 586 3645 prestent
607 3533 892 3614 sacramentum
913 3540 1020 3642 quod
1047 3540 1181 3617 omnia
1205 3538 1377 3647 predisla
1396 3537 1563 3617 fideliter
1591 3537 1852 3618 observabunt

416 3661 464 3739 In
485 3657 661 3765 qualibet
689 3678 822 3736 autem
847 3659 1031 3765 parocbia
1063 3660 1155 3740 ville
1177 3662 1295 3739 Oxon
1326 3661 1398 3739 fint
1419 3662 1499 3740 duo
1525 3659 1706 3740 homines
1736 3661 1852 3740 elesti
1893 3653 1924 3743 §·
1945 3669 1979 3742 5·

417 3781 465 3860 de
492 3777 741 3887 legalioribus
770 3779 1016 3889 parochianis
1048 3804 1088 3862 et
1111 3783 1234 3884 jurati
1255 3783 1362 3891 quod
1392 3785 1432 3861 in
1453 3783 1629 3891 qualibet
1649 3783 1850 3890 quindena

415 3904 617 4010 inquirent
637 3904 859 4010 diligenter,
890 3931 938 3980 ne
958 3906 1047 4010 quis
1067 3905 1261 4012 suspestus
1291 3903 1509 4014 hospitetur
1527 3908 1569 3984 in
1598 3903 1782 4014 parochia
1811 3921 1850 3982 et

417 4025 604 4132 fialiquis
625 4028 878 4134 receptaverit
899 4026 1070 4133 aliquem
1100 4055 1170 4136 per
1200 4047 1277 4106 tres
1305 4033 1438 4107 nostes
1467 4032 1508 4107 in
1528 4028 1648 4107 domo
1677 4027 1742 4105 sua
1772 4027 1849 4106 res·

417 4149 588 4257 pondeat
619 4175 762 4254 proco
879 4147 1028 4228 Nullus
1057 4153 1182 4228 eciam
1202 4151 1453 4257 Regratarius
1474 4167 1579 4228 emat
1598 4149 1783 4227 victualia
1808 4148 1850 4226 in
1895 4151 1931 4255 ᾗ
1947 4150 1988 4230 6.

417 4270 510 4349 villa
539 4269 656 4347 Oxon
685 4271 746 4348 vel
780 4287 890 4348 extra
915 4272 1042 4351 versus
1071 4272 1205 4352 villam
1235 4275 1433 4352 veniencia
1464 4300 1536 4351 nec
1567 4271 1716 4379 aliquid
1745 4288 1851 4350 emat

418 4419 491 4472 nec
520 4393 666 4470 iterum
695 4394 836 4472 vendat
869 4413 958 4472 ante
989 4393 1129 4474 horam
1163 4422 1308 4473 nonam
1339 4413 1378 4475 et
1407 4393 1593 4474 srfecerit
1621 4395 1853 4472 amercietur

294 4538 297 4545 ·
419 4535 459 4593 et
478 4541 561 4593 rem
582 4533 759 4624 emptam
779 4516 935 4595 amittat
1052 4519 1091 4596 Si
1123 4518 1246 4596 laicus
1277 4516 1417 4595 inserat
1441 4518 1586 4596 clerico
1613 4543 1774 4624 gravem
1793 4514 1854 4592 vel
1899 4503 1934 4607 §-
1956 4527 2000 4610 7·

419 4663 623 4718 enormem
654 4639 839 4720 lesronem
866 4637 993 4717 statim
1025 4643 1200 4750 capiatur
1230 4661 1270 4719 et
1301 4640 1328 4719 si
1359 4667 1501 4748 magna
1533 4641 1578 4719 fit
1606 4639 1696 4718 lesro
1725 4642 1853 4718 incar-

842 4837 1049 4924 vanr'ns
1090 4865 1427 4928 Lacrrouus

681 4967 694 4998 ⁸
716 4961 764 5029 ad,
784 4964 939 5045 H,f01‚5,
960 4970 1015 5026 εις.
1151 4963 1155 4972 ’
1178 4968 1190 5006 ¹
1214 4985 1413 5050 receptatores.
1442 4969 1481 5032 H.
1498 4969 1549 5030 sol·
1562 4989 1590 5049 ς-

1700 5109 1852 5171 Cercius
