5118 6544
558 667 617 758 72
1173 640 1657 758 CARTA

715 809 771 887 eis
795 807 885 887 inde
909 807 1159 888 concedimus
1180 837 1249 916 per
1267 809 1459 918 presentes
1492 813 1552 888 lta
1572 827 1703 889 tamen
1724 808 1828 916 quod
1849 809 1949 888 stent
1969 813 2072 889 resto
2091 811 2133 888 in

715 934 834 1009 Curia
853 931 978 1008 nostra
999 932 1116 1038 fiquis
1133 932 1259 1008 versus
1276 959 1340 1009 eos
1359 933 1421 1010 seu
1441 959 1577 1012 eorum
1598 933 1770 1040 aliquem
1785 933 1876 1011 iude
1891 933 2001 1039 loqui
2018 935 2131 1010 volu-

530 1080 646 1170 ΜΖ,
715 1055 788 1130 erit
898 1055 967 1130 ET
994 1048 1628 1133 unruarusexbhabundaciori
1646 1057 1775 1162 gracia
1802 1074 1841 1132 et
1866 1077 1977 1132 motu
1998 1055 2135 1135 nostris

712 1175 892 1252 volumus
912 1194 951 1252 et
970 1178 1219 1254 concedimus
1244 1177 1349 1282 quod
1370 1176 1396 1254 fi
1416 1177 1483 1254 iste
1501 1177 1612 1254 litere
1639 1177 1764 1254 nostre
1791 1179 1831 1255 in
1863 1179 1992 1284 aliqua
2023 1196 2133 1285 parte

711 1298 922 1375 earundem
938 1300 1068 1374 minus
1088 1299 1214 1375 valide
1234 1318 1272 1374 et
1292 1292 1565 1377 insufficientes
1584 1298 1730 1377 fuerint
1751 1301 1876 1378 autin
1897 1301 1983 1405 lege
2009 1300 2129 1378 exist·

713 1438 784 1497 unt
804 1436 869 1496 aut
889 1419 1009 1526 aliqui
1029 1419 1201 1498 defessus
1220 1421 1260 1496 in
1281 1421 1423 1498 eisdem
1452 1421 1617 1500 inveniri
1641 1422 1849 1528 contigerit
1868 1421 1996 1527 sicque
2016 1421 2131 1499 litere

711 1541 777 1620 ille
796 1543 837 1618 in
858 1545 1018 1618 materia
1037 1541 1191 1619 ‘forma
1210 1542 1269 1618 vel
1287 1543 1361 1621 alio
1382 1543 1500 1621 modo
1520 1570 1772 1650 quocumque
1787 1542 1992 1622 necessario
2007 1561 2074 1621 aut
2089 1544 2131 1621 in

713 1662 853 1740 melius
885 1660 1054 1740 habeant
1087 1660 1288 1740 reformari
1321 1684 1466 1742 extunc
1499 1666 1764 1743 Cancellarius
1792 1667 1938 1773 Anglie
1968 1666 2036 1772 qui
2056 1690 2132 1772 pro

711 1805 888 1891 tempore
916 1782 1035 1862 fuerit
1061 1784 1289 1890 potestatem
1310 1783 1449 1864 habeat
1468 1805 1507 1864 et
1528 1791 1797 1866 austoritatem
1816 1789 1863 1863 ad
1884 1787 2130 1892 prosecucio-

712 1935 804 1985 nem
826 1906 1089 2011 predictorum
1109 1907 1341 1984 Cancellarii
1360 1927 1398 1985 et
1419 1908 1623 1988 scolarium
1642 1926 1681 1987 et
1701 1907 1954 1986 successorum
1974 1909 2131 1985 suorum

711 2048 777 2106 aut
797 2027 959 2131 alicujus
988 2053 1124 2107 eorum
1153 2029 1304 2106 easdem
1333 2031 1463 2108 literas
1492 2031 1635 2108 nostras
1665 2031 1796 2109 debite
1828 2029 2064 2107 reformandi
2093 2045 2135 2106 et

710 2151 800 2227 alias
820 2150 949 2225 literas
970 2167 1144 2254 patentes
1165 2149 1322 2256 prefatis
1340 2151 1581 2229 Cancellario
1602 2171 1640 2231 et
1659 2149 1866 2231 scolaribus
1884 2170 1922 2229 et
1941 2149 2130 2230 successo·

709 2271 815 2348 ribus
835 2268 909 2346 suis
930 2287 968 2345 et
987 2296 1123 2346 eorum
1139 2271 1303 2348 cuilibet
1318 2299 1391 2378 pro
1403 2274 1553 2377 pociori
1569 2274 1780 2352 commodo
1795 2291 1833 2350 et
1852 2271 2026 2381 proficuo
2040 2297 2134 2381 pre·

711 2393 906 2470 dictorum
937 2390 1167 2468 Cancellarii
1195 2408 1233 2469 et
1264 2391 1467 2469 scolarium
1487 2409 1527 2470 et
1545 2391 1798 2473 successorum
1818 2393 1976 2471 suorum
1995 2398 2037 2470 in
2055 2393 2134 2472 hac

711 2531 819 2621 parte
848 2513 890 2589 in
920 2508 1047 2588 forma
1076 2512 1207 2590 debita
1226 2531 1342 2619 prout
1360 2512 1466 2591 casus
1486 2515 1609 2619 exigit
1630 2512 1715 2590 fieri
1732 2511 1968 2592 conficiendi
1987 2513 2132 2620 absque

709 2635 838 2740 aliqua
856 2629 1129 2740 prosecucione
1146 2633 1237 2712 inde
1251 2660 1370 2740 penes
1389 2661 1459 2713 nos
1478 2634 1539 2712 vel
1556 2633 1716 2713 heredes
1735 2631 1882 2712 nostros
1900 2651 1967 2712 aut
1980 2633 2132 2713 succes-

709 2756 810 2836 sores
830 2753 975 2832 nostroe
996 2773 1034 2832 et
1053 2755 1197 2862 absque
1214 2755 1348 2862 aliquo
1363 2755 1439 2834 alio
1458 2775 1650 2834 warranto
1669 2756 1744 2834 five
1764 2757 1952 2834 mandato
1969 2782 2044 2864 pro
2066 2783 2133 2834 re-

708 2876 949 2957 formacione
981 2877 1172 2955 distarum
1200 2877 1401 2956 literarum
1428 2903 1476 2954 ex
1496 2878 1613 2956 caufis
1633 2875 1855 2984 hujusmodi
1874 2875 2136 2984 quovismodo

633 3069 642 3088 ,
708 2999 885 3078 facienda
901 2999 959 3076 vel
980 2996 1159 3076 habenda
1271 2999 1340 3076 ET
1363 2999 1469 3106 quod
1488 2999 1600 3077 litere
1620 3000 1747 3078 nostre
1765 2999 1935 3107 predisle
1956 3000 2010 3077 eis
2036 2999 2132 3078 inde

709 3121 939 3230 generaliter
958 3117 1059 3198 farte
1078 3121 1201 3198 eciam
1229 3148 1366 3198 ornnes
1398 3138 1436 3199 et
1464 3121 1613 3227 singule
1642 3122 1716 3200 alie
1744 3139 1848 3199 carte
1876 3148 1946 3229 per
1964 3147 2035 3201 nos
2061 3138 2132 3200 aut

710 3244 976 3351 progenitores
996 3242 1140 3322 nostros
1161 3243 1305 3321 eisdem
1328 3242 1568 3322 Cancellario
1588 3261 1627 3322 et
1647 3243 1857 3322 scolaribus
1876 3243 2136 3349 quovismodo

711 3387 800 3444 ante
819 3364 892 3442 hec
913 3383 1089 3471 tempora
1106 3364 1281 3443 concesse
1300 3364 1372 3443 sint
1392 3385 1431 3443 et
1451 3362 1546 3442 siant
1566 3365 1738 3473 ejusdem
1756 3367 1899 3472 vigoris
1917 3365 2074 3445 virtutis
2090 3380 2133 3444 et

711 3485 871 3566 effeslus
892 3487 1024 3596 quales
1045 3486 1163 3566 essent
1184 3487 1210 3564 fi
1231 3489 1365 3566 omnia
1383 3487 1558 3596 superius
1572 3487 1790 3600 specificata
1808 3487 1896 3594 plus
1915 3487 2139 3594 specialiter

710 3610 887 3716 legitime
904 3628 943 3686 et
961 3609 1246 3716 particulariter
1267 3611 1308 3686 in
1330 3609 1472 3690 eisdem
1493 3611 1617 3704 literis
1629 3612 1941 3717 exprimerentur
1951 3625 1991 3686 et
2002 3609 2133 3715 speci·

712 3730 879 3809 ficentur
908 3732 961 3808 Et
982 3733 1088 3837 quod
1108 3731 1286 3836 legantur
1313 3731 1584 3839 intelligantur
1611 3749 1650 3805 et
1678 3732 1904 3809 indicentur
1928 3757 2003 3840 pro
2018 3747 2130 3840 parte

711 3853 883 3961 ipsorum
900 3852 1131 3930 Cancellarii
1151 3870 1189 3929 et
1211 3850 1424 3930 Scolarium
1444 3869 1483 3927 et
1499 3848 1755 3930 successorum
1773 3848 1931 3929 suorum
1950 3879 2041 3958 erga
2059 3879 2134 3932 nos

710 3971 869 4053 heredes
887 3995 926 4051 et
942 3973 1166 4054 successores
1184 3973 1332 4051 nostros
1343 3991 1460 4080 prout
1478 3973 1619 4051 melius
1638 3973 1724 4052 sciri
1744 3973 1888 4080 poterit
1907 3991 1946 4051 et
1958 3973 2133 4080 intelligi

712 4096 809 4174 Non
837 4095 1010 4176 obstante
1042 4097 1171 4206 aliqua
1198 4095 1400 4174 omissione
1429 4093 1585 4174 deseslu
1610 4096 1855 4204 negligencia
1872 4096 2134 4204 repugnancia

714 4218 778 4296 seu
797 4218 1099 4298 contrariositate
1119 4222 1160 4296 in
1181 4218 1324 4297 eisdem
1348 4216 1485 4324 aliquo
1502 4221 1590 4298 astu
1617 4219 1867 4299 ordinacione
1897 4219 2040 4297 statuto
2067 4215 2133 4296 seu

714 4339 957 4419 restriecione
973 4341 1014 4418 in
1031 4341 1269 4420 contrarium
1290 4340 1396 4418 edito
1411 4341 1589 4420 ordinato
1608 4341 1673 4421 seu
1690 4339 1842 4449 proviso
1861 4367 1941 4422 non
1955 4337 2131 4421 obstame

548 4529 557 4547 .
614 4479 645 4551 ‘.
715 4465 817 4569 Qrc
836 4463 969 4541 omnia
985 4480 1025 4540 et
1043 4462 1190 4570 singula
1207 4462 1404 4541 libertates
1421 4463 1625 4572 priuilegia
1643 4481 1683 4543 et
1702 4464 1943 4570 quietancias
1960 4461 2134 4574 predicta

712 4613 757 4662 ac
775 4588 906 4664 omnia
924 4584 996 4663 alia
1014 4584 1216 4692 privilegia
1233 4604 1274 4663 et
1287 4583 1484 4666 libertates
1504 4611 1573 4693 per
1593 4611 1663 4664 nos
1682 4603 1750 4664 aut
1760 4587 2025 4694 progenitores
2040 4581 2134 4662 nos-

714 4725 792 4788 tros
815 4707 996 4814 predictis
1016 4705 1261 4786 Cancellario
1279 4725 1320 4788 et
1339 4706 1545 4786 scolaribus
1564 4708 1834 4789 Univerfitatis
1853 4707 2025 4819 predisle
2040 4727 2131 4815 per-

1087 4943 1338 5007 VARIAE
1377 4943 1775 5008 LECTIONES.

758 5104 950 5169 babundanti
963 5105 1006 5168 H.
1017 5105 1068 5169 sol.
1084 5108 1151 5183 187.
1513 5115 1584 5170 ‘et
1611 5107 1718 5176 Efol.
1734 5112 1800 5190 187.

2021 5205 2136 5273 antea
