5118 6544
899 629 936 720 1.
1008 627 1132 720 ED
1167 627 1247 719 W.
1319 624 1401 717 lV.
1952 655 2008 716 11

433 787 561 897 gistris
592 785 808 868 Sc'olaribus
840 800 879 863 et
907 785 1158 866 Univerfitati
1184 813 1255 895 pro
1284 783 1398 863 nobis
1425 798 1464 862 et
1489 779 1698 862 heredibus
1727 783 1866 862 nostris

436 911 686 992 concedimus
717 909 823 1016 quod
843 935 980 987 omnes
999 912 1139 988 domus
1161 927 1240 988 tam
1261 909 1303 986 in
1322 906 1515 986 suburbiis
1536 907 1639 984 diste
1659 908 1749 986 ville
1771 909 1859 1006 ΟΧ-

436 1061 487 1113 on
520 1058 638 1139 quam
664 1035 705 1110 in
732 1033 868 1110 eadam
897 1031 1002 1109 Villa
1028 1032 1288 1112 aScolaribus
1309 1028 1526 1108 inhabitate
1547 1047 1586 1107 et
1605 1027 1860 1108 inhabitande

434 1157 481 1233 de
513 1156 783 1263 quinquennio
812 1157 852 1234 in
883 1155 1201 1261 quinquennium
1231 1173 1453 1233 retaxentur
1471 1154 1512 1232 in
1532 1151 1659 1231 forma
1688 1151 1862 1260 predista

435 1279 563 1356 ITEM
591 1303 684 1355 cum
714 1304 783 1385 per
803 1279 894 1355 alias
914 1276 1043 1355 literas
1062 1277 1178 1385 ipsius
1198 1267 1206 1315 ¹
1223 1279 1360 1356 Proavi
1381 1268 1532 1354 nostrik
1551 1275 1743 1381 predistas
1762 1301 1861 1352 con·
1902 1274 1935 1376 §.
1958 1295 2021 1349 20.

435 1397 580 1479 celsum
608 1397 653 1476 srr
680 1419 719 1478 et
745 1397 940 1507 provisum
966 1401 1073 1506 quod
1099 1416 1266 1507 quatuor
1289 1398 1547 1478 Aldermanni
1566 1396 1660 1475 fiant
1681 1398 1721 1476 in
1742 1397 1861 1474 Oxon
1883 1383 1988 1456 videt.
2004 1401 2034 1457 4·

435 1539 474 1600 et
494 1525 582 1600 octo
601 1520 650 1599 de
669 1521 960 1602 discrecioribus
977 1541 1015 1600 et
1031 1522 1280 1630 legalioribus
1299 1521 1557 1630 Burgensrbus
1578 1519 1750 1626 ejusdem
1770 1519 1860 1596 Vil-

435 1643 472 1724 le
501 1645 731 1723 associentur
760 1645 847 1754 ipsrs
880 1644 1157 1723 Aldermannis
1184 1647 1254 1753 qui
1283 1671 1419 1722 omnes
1443 1646 1578 1750 jurent
1598 1643 1711 1720 nobis
1731 1640 1859 1721 fideli-

304 1779 308 1788 '
436 1785 558 1845 tatem
587 1785 627 1844 et
655 1767 730 1846 sint
762 1768 967 1846 assistentes
1000 1786 1038 1847 et
1061 1768 1303 1846 consulentes
1324 1767 1469 1871 Majori
1491 1785 1529 1844 et
1549 1764 1706 1843 Ballivis
1728 1765 1865 1842 nostris

438 1889 557 1966 Oxou
591 1889 638 1966 ad
671 1917 811 1998 pacem
853 1889 1022 1968 nostram
1057 1890 1361 1969 conservandam
1391 1890 1438 1967 ad
1467 1887 1587 1966 allisas
1618 1888 1720 1965 dicre
1759 1885 1864 1964 Ville

436 2011 703 2089 custodiendas
737 2032 776 2091 et
807 2012 854 2090 ad
882 2012 1166 2119 investigandos
1205 2011 1470 2090 malefactores
1506 2029 1544 2090 et
1578 2009 1863 2116 perturbatores

436 2135 541 2240 pacis
573 2131 699 2211 nostre
732 2153 771 2213 et
802 2132 1049 2240 vagabundos
1079 2135 1126 2213 de
1158 2139 1270 2212 noste
1298 2155 1337 2212 et
1365 2151 1580 2241 receptores
1605 2132 1803 2210 latronum
1823 2146 1862 2208 et

438 2253 734 2334 malefactorum
777 2275 816 2334 et
854 2258 1052 2364 corporale
1081 2258 1251 2365 prestent
1280 2258 1564 2335 sacramentum
1593 2256 1699 2362 quod
1728 2253 1863 2333 omnia

434 2376 607 2482 predista
628 2376 794 2462 fideliter
810 2378 1070 2458 observabunt
1115 2382 1169 2459 Et
1189 2381 1295 2489 quod
1315 2381 1356 2460 in
1376 2378 1552 2488 qualibet
1571 2375 1753 2484 parochia
1772 2376 1863 2456 ville

437 2499 557 2576 Oxou
577 2497 651 2577 srnt
671 2500 749 2578 duo
765 2499 945 2580 homines
965 2502 1078 2580 elesti
1107 2503 1154 2581 de
1174 2503 1425 2611 legalioribus
1455 2499 1700 2608 parochianis
1726 2517 1765 2577 et
1792 2500 1861 2604 ju-

436 2623 507 2698 rati
535 2621 641 2726 quod
670 2623 709 2700 in
731 2623 906 2729 qualibet
935 2627 1132 2730 quindena
1152 2627 1352 2732 inquirent
1371 2624 1579 2730 diligenter
1608 2623 1763 2728 nequis
1783 2621 1863 2700 sus·

434 2747 568 2851 pestus
597 2742 815 2852 hospitetur
840 2748 881 2824 in
913 2747 1097 2852 parochia
1123 2767 1162 2825 et
1189 2748 1216 2826 st
1244 2750 1383 2856 aliquis
1413 2745 1666 2852 receptaverit
1691 2744 1863 2850 aliquem

435 2892 504 2973 per
526 2885 601 2943 tres
623 2871 754 2944 noctes
774 2870 814 2945 in
834 2869 955 2945 domo
982 2869 1045 2945 sua
1065 2869 1291 2975 respondeat
1309 2897 1381 2976 pro
1401 2894 1447 2945 eo
1496 2869 1556 2943 Ac
1577 2884 1752 2971 exparte
1771 2891 1862 2970 pre·
1997 2939 2000 2946 .

435 2988 630 3066 dictorum
661 2988 894 3067 Cancellarii
922 3005 961 3064 et
994 2989 1263 3066 Universrtatis
1295 2991 1340 3065 srt
1371 2987 1541 3092 intelligi
1571 2986 1684 3064 nobis
1724 2985 1862 3063 datum

436 3109 542 3214 quod
569 3133 640 3212 pro
674 3107 857 3213 eoquod
887 3107 1007 3214 aliqui
1044 3109 1091 3186 ad
1121 3108 1356 3188 sacramenta
1384 3107 1742 3188 Aldermannorum
1770 3133 1862 3214 pre-

435 3231 630 3310 dierorum
660 3247 699 3306 et
730 3229 924 3308 dierorum
953 3233 1042 3309 octo
1073 3229 1341 3310 associatorum
1360 3231 1401 3309 in
1421 3230 1596 3310 absencia
1615 3229 1742 3312 nostra
1762 3231 1862 3308 reci-

434 3353 634 3460 piendaet
653 3351 840 3429 addictos
861 3352 958 3430 duos
979 3350 1156 3432 homines
1173 3357 1213 3433 in
1235 3353 1410 3460 qualibet
1430 3350 1612 3459 parochia
1632 3352 1734 3431 diste
1754 3351 1862 3429 Ville

435 3474 485 3552 fic
506 3473 703 3578 eligendos
734 3473 900 3551 minime
929 3473 1165 3582 deputantur
1185 3478 1322 3554 eadem
1343 3474 1577 3554 sacramenta
1597 3493 1635 3551 et
1656 3473 1799 3552 eleccio
1818 3500 1863 3550 ea

435 3597 483 3673 de
510 3594 621 3673 causa
649 3592 772 3703 sepius
801 3595 890 3674 sunt
909 3595 1043 3675 omissa
1063 3625 1130 3705 per
1149 3600 1256 3706 quod
1286 3598 1431 3678 diversa
1458 3594 1649 3676 maleficia
1667 3598 1706 3674 in
1725 3597 1862 3673 eadem

433 3717 544 3796 Villa
570 3715 755 3795 haetenus
786 3736 1004 3826 perpetrata
1019 3719 1166 3801 suerint
1193 3741 1232 3800 et
1259 3721 1383 3800 indies
1401 3739 1672 3830 perpetrantur
1689 3736 1727 3795 et
1748 3718 1862 3796 nobis

433 3841 479 3919 stt
513 3839 772 3947 supplicatum
803 3859 847 3918 ut
876 3840 988 3949 super
1015 3842 1093 3921 hoc
1122 3863 1391 3951 opportunum
1421 3869 1613 3951 apponere
1645 3841 1863 3919 remedium
1916 3845 1918 3851 ’

435 3964 687 4070 dignaremur
748 3959 834 4040 Nos
854 3954 863 4001 ¹
883 3965 1042 4043 utilitati
1070 3985 1110 4044 et
1146 3968 1270 4073 quieti
1300 3966 1402 4044 dicte
1433 3963 1701 4042 Univerfitatis
1730 3964 1862 4070 provi-

436 4086 526 4164 dere
559 4085 730 4162 volentes
760 4085 1015 4164 concessimus
1044 4089 1256 4195 pronubis
1286 4107 1325 4167 et
1354 4085 1559 4166 heredibus
1590 4086 1726 4164 nostris
1755 4085 1863 4192 quod

436 4205 700 4286 Cancellarius
741 4208 1009 4286 Universrtatis
1039 4210 1212 4317 prediste
1243 4213 1311 4318 qui
1340 4238 1411 4318 pro
1441 4230 1616 4315 tempore
1646 4207 1764 4286 suerit
1800 4206 1862 4285 vel

436 4330 518 4434 ejus
548 4328 841 4408 Commissarius
870 4331 930 4407 vel
958 4333 1273 4412 Locum-tenens
1302 4361 1345 4411 ac
1371 4333 1502 4438 Major
1528 4332 1629 4410 diste
1658 4329 1764 4407 Ville
1792 4356 1863 4437 pro

436 4471 612 4560 tempore
642 4451 808 4530 existens
838 4454 1074 4532 sacramenta
1098 4458 1363 4564 predistorum
1385 4473 1552 4562 quatuor
1570 4453 1861 4530 Aldermanno-

436 4601 523 4652 rum
548 4593 587 4652 et
616 4574 812 4653 diuorum
842 4577 930 4654 osto
957 4575 1024 4654 srbi
1046 4578 1093 4656 de
1114 4579 1372 4685 Burgenfibus
1393 4577 1574 4684 predisiis
1595 4573 1863 4654 associatorum

436 4694 592 4803 fingulis
613 4701 723 4778 annis
745 4697 791 4776 ad
810 4695 952 4778 festum
974 4700 1091 4780 sensti
1113 4701 1322 4780 Michaelis
1338 4699 1364 4778 sr
1381 4699 1465 4778 Nos
1487 4699 1547 4776 vel
1567 4695 1725 4776 heredes
1746 4696 1865 4776 nostri

816 4925 1068 4986 VARlAE
1110 4925 1510 4987 LECTIONES.

479 5027 486 5065 ¹
506 5029 563 5088 Avi
597 5031 638 5089 H.
655 5033 705 5094 sol.
726 5053 792 5110 152.
1219 5031 1227 5072 ¹
1249 5055 1300 5112 pro
1315 5034 1437 5092 utilitate
1448 5049 1477 5091 ct
1489 5032 1598 5110 quiete.
1628 5030 1669 5089 H.
1686 5027 1737 5086 sol.
1750 5025 1799 5083 62.
1811 5029 1866 5081 &c-

480 5123 642 5204 lpredicti.
685 5131 726 5190 H.
742 5131 794 5189 tol.
810 5131 860 5192 61.

1135 5217 1166 5294 B
1199 5241 1221 5295 2
1773 5229 1867 5286 tunc
