5118 6544
877 614 916 706 1.
989 565 1262 706 uow.
1357 603 1440 702 ιν.
1955 639 1983 730 7

448 821 559 907 avus
572 809 807 900 nosterfecit
820 810 1243 894 clericis⁰studentibus
1256 807 1385 890 inlsec
1398 805 1515 888 verba
1616 807 1866 889 Hannrcus
1884 818 1963 881 Heu.
1978 819 2034 881 111.

447 935 531 1024 Dei
555 943 684 1050 gracia
716 937 805 1019 Rex
834 938 981 1048 Anglie
1010 939 1210 1016 Dominus
1239 933 1433 1014 Hibernis
1460 949 1502 1010 ct
1529 929 1626 1011 Dux
1657 933 1873 1040 Aquitanie

447 1066 633 1146 omnibus
653 1063 811 1143 Rallivis
830 1078 869 1140 et
887 1059 1070 1140 fidelibus
1090 1060 1164 1139 suis
1185 1059 1233 1137 ad
1252 1083 1351 1165 quos
1370 1055 1564 1164 presentes
1593 1053 1706 1134 litere
1734 1079 1873 1162 perve-

445 1187 754 1268 nerintsalutem
812 1185 925 1264 Cum
941 1210 1055 1292 grave
1067 1181 1112 1262 fit
1127 1199 1167 1261 et
1179 1179 1372 1260 tediosam
1385 1179 1534 1259 clericis
1549 1176 1697 1257 laicum
1712 1175 1876 1256 seudum

446 1306 685 1390 habentibus
718 1308 813 1416 poni
839 1309 885 1386 in
916 1306 1028 1386 affifis
1049 1306 1189 1412 juratis
1210 1305 1274 1383 seu
1292 1299 1633 1410 recognicionibus
1653 1299 1742 1408 ipfis
1761 1299 1873 1381 scolis

446 1431 710 1512 insistentibus
728 1455 802 1510 nos
820 1427 1046 1536 hujusmodi
1064 1428 1216 1508 clericis
1234 1427 1358 1506 Oxon
1376 1422 1621 1504 studentibus
1651 1423 1700 1502 ad
1728 1419 1875 1502 instau-

447 1555 553 1635 ciam
572 1551 844 1636 Univerfitatis
863 1552 1039 1659 ejusdem
1058 1550 1166 1630 Ville
1193 1548 1366 1658 graciam
1385 1544 1513 1626 facere
1531 1543 1706 1625 volentes
1725 1541 1874 1653 specia-

447 1671 533 1757 lem
560 1676 651 1786 ipfis
675 1675 928 1757 concedimus
948 1672 1057 1783 quod
1076 1673 1267 1783 quamdiu
1285 1671 1421 1750 studiis
1441 1669 1591 1750 ibidem
1609 1665 1815 1747 inhereant
1831 1685 1875 1748 et

446 1795 518 1878 sub
536 1797 678 1880 habitu
698 1799 868 1880 clericali
886 1801 928 1879 in
949 1798 1017 1878 suo
1036 1795 1163 1876 studio
1182 1792 1430 1874 laudabiliter
1457 1790 1664 1901 proficiant
1693 1817 1772 1868 non
1798 1816 1875 1899 po·

447 1937 591 2000 nautor
609 1923 652 2001 in
672 1919 784 2000 affi'fis
812 1920 954 2025 juratis
973 1919 1034 2002 vel
1054 1915 1394 2026 recognicionibus
1413 1914 1611 2022 aliquibus
1631 1913 1684 1992 Et
1701 1912 1791 1990 ideo
1803 1940 1876 1992 vo-

443 2042 509 2122 bis
543 2043 778 2123 mandamus
810 2043 917 2150 quod
948 2044 1074 2123 dislos
1112 2041 1274 2120 clericos
1303 2055 1440 2118 contra
1467 2037 1571 2116 hanc
1599 2033 1878 2115 conseffionem

447 2164 619 2249 nostram
654 2191 734 2246 non
765 2163 981 2245 molestetis
1013 2163 1076 2246 vel
1105 2162 1300 2243 molestari
1328 2160 1565 2268 pemaittatis
1622 2159 1668 2238 In
1689 2159 1800 2264 cujus
1820 2159 1877 2236 rei

446 2283 719 2366 'testimonium
749 2283 822 2364 bas
851 2285 984 2366 literas
1012 2286 1157 2367 nostras
1173 2283 1260 2363 sieri
1280 2283 1449 2362 fecimus
1465 2297 1644 2390 patentes
1664 2279 1782 2360 Tell-e
1803 2281 1878 2359 Me

445 2407 530 2516 ipso
559 2409 662 2518 apud
692 2407 1088 2490 westmonasterium
1117 2407 1286 2487 secundo
1306 2407 1370 2485 die
1389 2401 1592 2484 Februarii
1622 2431 1724 2482 anno
1744 2405 1878 2512 Regni

446 2529 567 2610 nollri
585 2530 880 2640 quadragesrmo
900 2559 1007 2612 nono
1116 2531 1410 2611 lusaaxrrnus
1435 2529 1560 2606 eciam
1580 2526 1766 2636 quasdem
1785 2529 1877 2606 alias
1920 2521 1957 2625 §.
1978 2543 2037 2600 ra.

445 2649 578 2732 literas
598 2672 775 2763 patentes
801 2679 896 2763 quas
912 2657 1023 2734 idem
1041 2656 1150 2734 Avus
1171 2654 1300 2732 noster
1314 2651 1413 2731 fecit
1431 2649 1578 2730 eisdem
1598 2649 1817 2729 Scolaribus
1837 2651 1878 2729 in
1892 2671 1972 2731 Heu.
1986 2669 2042 2730 111.

440 2765 519 2854 bec
532 2777 653 2857 verba
747 2777 999 2857 Hanurcus
1014 2777 1094 2855 Dei
1106 2776 1238 2883 gracia
1251 2772 1494 2881 RexAnglie
1507 2774 1708 2866 Dominus
1725 2772 1879 2852 Hiber-

443 2899 511 2976 nie
543 2916 584 2978 e't
601 2899 700 2980 Dux
719 2901 936 3008 Aquitanis
964 2898 1149 2976 omnibus
1170 2897 1330 2975 Ballivis
1358 2913 1397 2973 et
1412 2894 1597 2972 fidelibus
1617 2894 1693 2972 suis
1714 2895 1759 2971 ad
1780 2920 1880 3002 quos

443 3021 640 3126 presentes
660 3023 776 3099 litere
795 3021 1046 3126 pervenerint
1062 3017 1233 3122 salutem
1341 3019 1626 3090 inseruimus
1649 3015 1778 3092 literas
1807 3044 1879 3124 pa-

441 3153 573 3219 tentes
602 3138 756 3218 dudum
778 3135 976 3216 consessas
998 3135 1101 3242 apud
1122 3133 1345 3214 Wodestok
1364 3133 1403 3214 in
1425 3133 1623 3242 presencia
1642 3135 1878 3218 Procurato-

442 3283 536 3340 rum
555 3261 775 3342 Scolarium
796 3257 1069 3338 Univerfitatis
1092 3257 1212 3336 Oxou
1231 3274 1271 3336 et
1290 3257 1546 3366 Burgenfrum
1577 3257 1749 3364 ejusdem
1770 3260 1877 3340 Ville

442 3379 557 3491 'super
596 3380 832 3489 quibusdam
868 3378 1116 3458 libertatibus
1154 3377 1316 3488 prefatis
1353 3379 1573 3459 Scolaribus
1612 3381 1796 3461 conceffis
1835 3387 1877 3462 iu

440 3497 521 3582 bec
553 3503 671 3584 verba
726 3505 863 3582 Auno
890 3503 1004 3611 regni
1021 3502 1146 3610 ‘Regis
1167 3489 1337 3582 Henrici
1356 3501 1428 3582 filii
1447 3503 1572 3610 Regis
1592 3501 1783 3607 Johannis
1804 3509 1877 3586 rri-

442 3624 586 3706 cefirno
606 3623 776 3704 secundo
805 3625 986 3705 vicefimo
1006 3647 1112 3704 nono
1132 3623 1196 3704 rlic
1212 3625 1318 3704 Maii
1338 3626 1581 3734 presentibus
1602 3628 1706 3735 apud
1720 3629 1876 3708 Wode-

441 3747 532 3828 'stok
551 3767 634 3828 tam
654 3747 975 3830 Procuratoribus
996 3748 1214 3828 Scolarium
1231 3749 1505 3829 Universrtatis
1526 3777 1647 3858 quarn
1667 3751 1876 3858 Burgensr-

440 3870 519 3951 bus
532 3871 662 3950 'Oxou
691 3871 801 3952 idem
820 3872 1004 3950 dominus
1022 3873 1115 3951 Rex
1135 3871 1319 3951 concefflt
1338 3873 1483 3953 eisdem
1503 3872 1723 3952 Scolaribus
1754 3874 1876 3952 liber-

443 4009 542 4074 tates
562 3993 792 4104 sub'scriptas
812 3993 979 4074 videlicet
997 3995 1106 4102 quod
1130 3995 1162 4075 *fi
1192 3994 1380 4074 inferatur
1406 3997 1546 4103 injuria
1571 3997 1760 4104 predislis
1781 3999 1876 4076 Sco-

438 4115 589 4197 laribus
601 4115 677 4196 ·fiat
695 4117 786 4196 inde
803 4111 1017 4198 “excrucio
1032 4136 1114 4197 tam
1132 4145 1203 4226 per
1221 4119 1372 4197 villatas
1389 4119 1534 4198 vicinas
1551 4147 1671 4226 quam
1686 4145 1759 4227 per
1775 4121 1878 4199 Bur-

440 4240 576 4348 genses
600 4240 797 4348 predistos
845 4241 902 4321 Et
920 4241 1028 4349 quod
1058 4239 1085 4318 fi
1114 4242 1184 4349 ipsi
1201 4242 1415 4350 *Burgenses
1436 4240 1671 4321 interficiant
1701 4242 1876 4350 aliquem

442 4362 492 4442 de
511 4361 731 4442 Scolaribus
753 4363 873 4444 Oxou
893 4365 956 4444 vel
985 4367 1027 4444 ln
1053 4365 1228 4473 aliquem
1257 4365 1431 4473 ipsorum
1461 4364 1649 4443 insultum
1668 4364 1729 4444 vel
1755 4365 1876 4445 alicui

438 4483 618 4594 ipsorum
658 4512 819 4596 gravem
851 4489 1036 4594 injuriam
1068 4487 1238 4568 inferant
1275 4490 1539 4568 communitas
1576 4486 1749 4594 ejusdem
1767 4489 1875 4566 Ville

442 4609 568 4716 perse
596 4611 784 4720 puniatur
804 4628 844 4691 et
876 4611 1109 4692 amercietur
1127 4629 1167 4690 et
1186 4610 1326 4691 Ballivi
1345 4639 1415 4720 per
1433 4611 1469 4689 se
1486 4629 1526 4688 et
1546 4636 1624 4690 non
1646 4637 1739 4689 cum
1758 4637 1875 4690 com·

442 4731 637 4813 munitate
670 4733 809 4814 eadem
842 4737 1057 4844 puniantur
1089 4754 1130 4815 et
1159 4707 1421 4815 aniercientur
1448 4735 1476 4814 fi
1506 4733 1748 4843 negligentes
1785 4733 1874 4813 sue·

861 4961 1074 5024 vnnmn
1115 4923 1452 5023 ua‘c'rrorrss

565 5062 577 5092 ⁸
596 5055 629 5114 in
644 5055 938 5120 dittaUniserfitate.
965 5060 1009 5122 H.
1025 5061 1078 5122 sol.
1089 5078 1140 5140 44.
1295 5058 1309 5097 ⁴
1330 5053 1488 5139 inquisitio.
1515 5059 1558 5122 H.
1575 5061 1626 5120 fol.
1639 5079 1666 5138 3.
1690 5065 1743 5119 dic.

1793 5206 1874 5288 rint
