5118 6544
603 659 664 746 24

1199 615 1723 714 CARTA.

749 798 1010 879 Cancellarius
1031 819 1068 878 et
1089 799 1259 878 Scolares
1279 801 1394 908 ipsius
1416 800 1684 879 Universitatis
1706 824 1826 905 quam
1845 795 1978 906 Major
1993 816 2032 879 et
2049 803 2174 884 Com-

746 928 917 1001 munitas
934 924 1035 999 diste
1052 923 1141 1001 ville
1163 924 1275 1029 supet
1295 924 1478 1001 omnibus
1498 924 1547 1000 fic
1569 941 1709 998 mutuo
1729 927 1958 1027 perpetratis
1979 945 2017 1002 et
2037 954 2175 1006 eorum

744 1044 1027 1123 reformacione
1048 1074 1090 1122 ac
1112 1047 1374 1152 dampnorum
1402 1043 1592 1123 refusione
1622 1043 1657 1120 se
1687 1044 1789 1120 bona
1806 1044 1871 1121 sua
1883 1046 2171 1148 jurisdistiones

747 1194 791 1244 ac
804 1170 895 1271 jura
911 1170 1106 1246 libertates
1127 1187 1165 1246 et
1185 1169 1387 1276 privilegia
1408 1170 1461 1244 eis
1482 1195 1550 1274 per
1569 1168 1837 1273 progenitores
1858 1166 2004 1244 nostros
2035 1191 2073 1246 et
2103 1196 2173 1248 nos

745 1289 919 1367 concessa
937 1291 997 1366 vel
1017 1318 1084 1397 per
1104 1317 1167 1368 eos
1188 1292 1324 1368 usitata
1340 1290 1582 1397 disposicioni
1602 1288 1728 1366 nostre
1748 1311 1787 1368 et
1807 1289 2000 1367 voluntati
2020 1290 2171 1397 simpli-

745 1413 843 1489 citer
861 1411 1113 1491 submiserant
1135 1414 1245 1491 nobis
1269 1412 1476 1491 humiliter
1496 1412 1756 1518 supplicantes
1786 1432 1829 1488 ut
1858 1411 1970 1518 super
1997 1407 2075 1488 hiis
2104 1439 2171 1490 or-

746 1535 878 1612 dinare
914 1535 1028 1639 juxta
1070 1535 1189 1613 nostri
1236 1537 1527 1643 beneplacitum
1563 1535 1812 1640 dignaremur
1845 1533 1966 1610 dietas
2005 1532 2170 1611 submis-

743 1654 864 1734 siones
885 1657 1124 1736 admissimus
1144 1678 1183 1735 et
1193 1659 1307 1762 juxta
1326 1661 1407 1735 vim
1429 1677 1468 1734 et
1488 1654 1672 1733 effessum
1685 1657 1910 1732 earumdem
1932 1655 2107 1763 cepimus
2128 1656 2171 1733 in

740 1805 904 1856 manum
936 1779 1107 1858 nostram
1134 1782 1281 1858 distam
1309 1781 1539 1858 discordiam
1568 1797 1607 1858 et
1635 1780 1769 1855 omnia
1792 1776 2087 1882 jurisdicciones
2117 1776 2168 1854 li-

740 1900 906 1979 bertates
928 1921 967 1978 et
986 1904 1188 2011 privilegia
1207 1921 1289 1980 tam
1310 1902 1551 1981 Cancellario
1580 1899 1780 2007 Magistiis
1807 1919 1846 1976 et
1867 1898 2084 1975 Scolaribus
2103 1898 2166 2004 ip-

740 2022 813 2100 sius
846 2024 1114 2104 Universitatis
1135 2053 1254 2134 quam
1275 2025 1420 2130 Majori
1440 2025 1596 2102 Ballivis
1627 2043 1666 2100 et
1696 2019 1922 2100 bominibus
1943 2019 2046 2098 diste
2074 2016 2166 2098 ville

742 2171 812 2249 per
831 2149 1097 2250 progenitores
1127 2148 1275 2225 nostros
1304 2167 1343 2224 et
1373 2174 1442 2224 nos
1462 2143 1636 2225 concessa
1655 2143 1715 2222 vel
1737 2172 1804 2251 per
1825 2169 1889 2220 eos
1918 2143 1959 2219 in
1983 2143 2168 2248 preterito

743 2265 880 2342 usitata
909 2292 952 2341 ac
983 2267 1108 2342 eciam
1135 2268 1440 2373 composiciones
1466 2287 1505 2345 et
1531 2269 1665 2345 omnia
1684 2268 1758 2344 alia
1777 2268 1818 2343 in
1839 2266 1951 2342 dietis
1974 2262 2166 2343 submiffi-

741 2386 881 2464 onibus
902 2386 1053 2494 plenius
1076 2387 1285 2494 expressata
1305 2388 1557 2495 prohibentes
1576 2387 1644 2464 sub
1661 2389 1768 2492 gravi
1784 2384 2027 2461 forisfactura
2041 2384 2168 2464 nostra

742 2534 791 2585 ne
823 2508 1002 2588 decetero
1033 2529 1171 2587 mutuo
1201 2510 1237 2587 se
1266 2510 1450 2592 invadant
1478 2511 1533 2589 set
1562 2509 1609 2586 ab
1639 2507 1823 2586 omnibus
1851 2504 1993 2583 cessent
2012 2506 2165 2611 injuriis

600 2699 609 2718 .
689 2632 992 2724 ,contumeliis
1013 2651 1129 2740 atque
1160 2634 1281 2739 brigis
1387 2635 1441 2709 Et
1460 2633 1508 2710 ad
1528 2629 1789 2710 revocandum
1808 2626 1991 2736 dispersos
2011 2646 2050 2706 et
2071 2626 2166 2704 affe·

740 2755 957 2832 curandum
991 2755 1084 2832 alios
1113 2755 1206 2833 illuc
1239 2751 1368 2832 venire
1390 2756 1561 2832 volentes
1582 2753 1845 2830 ordinavimus
1866 2769 1905 2829 et
1926 2778 2032 2829 mero
2052 2767 2165 2828 motu

740 2876 870 2954 nostro
889 2876 1143 2954 concessimus
1172 2902 1243 2982 pro
1262 2877 1375 2953 nobis
1395 2898 1435 2954 et
1454 2875 1662 2953 heredibus
1684 2876 1818 2953 nostris
1839 2874 1944 2982 quod
1965 2899 2101 2951 omnes
2127 2889 2167 2949 et

739 2996 880 3104 singuli
907 2997 1057 3075 ibidem
1088 2997 1238 3074 studere
1264 2997 1436 3074 volentes
1465 3015 1547 3073 tam
1566 2997 1627 3072 illi
1646 2999 1716 3100 qui
1737 2999 1890 3073 racione
1910 2997 2012 3073 diste
2029 2992 2165 3071 turba-

739 3121 863 3198 cionis
884 3119 1109 3198 recesserant
1137 3103 1344 3226 quamalii
1366 3117 1462 3195 illuc
1482 3116 1612 3194 secure
1631 3115 1785 3222 possunt
1806 3117 1986 3193 accedere
2018 3133 2057 3192 et
2076 3142 2165 3194 mo·

739 3243 814 3321 rari
837 3269 934 3347 quos
955 3267 1092 3320 omnes
1112 3260 1151 3319 et
1171 3240 1339 3347 singulos
1361 3241 1400 3318 in
1421 3240 1713 3347 proteccionem
1733 3257 1772 3316 et
1792 3236 2055 3316 defensionem
2074 3237 2164 3314 nos-

739 3383 817 3442 tras
848 3363 1082 3472 suscepimus
1102 3362 1283 3471 speciales
1329 3365 1383 3440 Et
1403 3381 1446 3441 ut
1465 3363 1578 3441 distis
1599 3362 1816 3440 Scolaribus
1847 3379 1886 3439 et
1917 3387 2054 3439 eorum
2085 3358 2162 3436 ser-

738 3484 934 3564 vientibus
968 3486 1134 3564 securior
1164 3487 1212 3564 ad
1247 3486 1392 3563 distam
1421 3485 1722 3563 Universitatem
1751 3500 1881 3589 pateat
1915 3479 2099 3587 regressus
2126 3499 2165 3560 et

739 3609 865 3684 aditus
899 3608 1197 3714 perdonavimus
1231 3609 1279 3685 de
1310 3609 1440 3714 gracia
1465 3607 1591 3686 nostra
1617 3605 1773 3715 speciali
1795 3622 1835 3681 et
1854 3629 1902 3681 ex
1919 3602 2164 3710 plenitudine

738 3727 937 3837 potestatis
965 3732 1070 3836 regie
1104 3756 1148 3807 ac
1177 3758 1248 3838 pro
1277 3730 1380 3807 bono
1409 3730 1569 3839 publico
1596 3730 1782 3808 omnibus
1810 3744 1851 3803 et
1880 3724 2036 3832 singulis
2068 3725 2163 3802 Ma-

738 3851 866 3960 gistris
899 3870 939 3930 et
972 3852 1189 3930 Scolaribus
1221 3871 1422 3931 eteorum
1450 3852 1703 3931 servientibus
1730 3848 1975 3930 omnimodas
1997 3846 2162 3926 selonias

738 3974 908 4053 roberias
938 3975 1118 4054 incendia
1148 3994 1187 4054 et
1214 3974 1521 4083 transgressiones
1541 4002 1609 4084 per
1628 3976 1729 4082 ipsos
1749 3973 1810 4051 vel
1829 3951 1965 4050 eorum
1991 3969 2166 4075 aliquem

738 4098 780 4174 in
812 4097 1038 4176 turbatione
1066 4099 1240 4205 predicta
1266 4117 1484 4206 perpetrata
1513 4118 1552 4177 et
1580 4097 1736 4175 firmam
1761 4122 1899 4203 pacem
1918 4091 2088 4173 nostram
2108 4092 2163 4170 eis

738 4219 831 4296 inde
862 4221 1116 4299 concessimus
1136 4221 1312 4300 nolentes
1333 4221 1439 4329 quod
1459 4222 1529 4330 ipsi
1549 4219 1730 4328 Magistri
1757 4219 1927 4297 Scolares
1947 4215 2007 4293 vel
2027 4240 2164 4293 eorum

737 4341 944 4421 servientes
977 4344 1024 4421 ad
1058 4342 1200 4422 sestam
1228 4343 1398 4422 nostram
1427 4345 1488 4423 vel
1511 4343 1677 4424 aliorum
1697 4341 1900 4449 prodistis
1921 4336 2078 4416 seloniis
2098 4364 2163 4415 ro-

739 4463 856 4542 beriis
891 4466 1081 4546 incendiis
1115 4485 1153 4545 et
1182 4466 1538 4575 transgressionibus
1567 4467 1808 4575 impetantur
1837 4458 2091 4541 molestentur
2119 4459 2162 4537 in

739 4586 872 4694 aliquo
898 4589 962 4666 seu
991 4607 1198 4696 graventur
1224 4589 1289 4668 Ad
1306 4588 1379 4668 hec
1400 4589 1448 4667 de
1462 4590 1592 4698 gracia
1610 4587 1736 4667 nostra
1754 4584 1970 4694 supradicta
1990 4579 2162 4660 restitui·

738 4735 827 4789 mus
839 4709 1204 4790 ditttsCanceltario
1217 4712 1417 4819 Magistris
1431 4733 1470 4793 et
1486 4712 1702 4792 Scolaribus
1719 4711 1852 4789 omnia
1863 4703 2161 4811 jurisdicciones

733 4831 824 4934 jura
849 4830 1046 4911 libertates
1066 4851 1105 4911 et
1123 4835 1327 4941 privilegia
1346 4835 1395 4912 fic
1415 4837 1456 4912 in
1477 4862 1641 4914 manuni
1661 4832 1829 4911 nostram
1847 4843 1961 4936 capta
1979 4826 2034 4903 ita
2053 4824 2161 4933 quod
2285 4917 2300 4940 ·

738 4951 792 5029 eis
812 4969 851 5032 et
870 4979 1006 5034 eorum
1024 4955 1182 5063 singulis
1203 4974 1361 5038 utantur
1380 4974 1419 5037 et
1438 4959 1632 5065 gaudeant
1651 4971 1768 5066 prout
1784 4969 1873 5033 ante
1893 4948 2164 5030 turbacionem

2123 5084 2165 5145 et
