5118 6544
885 663 1021 758 xrv.
1093 664 1144 756 n
1181 666 1221 756 n
1257 663 1324 760 N.
1394 661 1529 760 vm.
1731 615 1734 624 ’
2002 701 2065 794 59

485 829 588 915 cailo
604 849 645 913 et
661 831 886 915 marescallo
902 861 947 914 ac
965 833 1111 916 clerico
1126 833 1290 915 mercati
1310 829 1477 944 hospicii
1501 829 1620 913 nostri
1646 829 1709 912 vel
1730 826 1923 914 heredum

488 954 711 1037 nostrorum
726 957 954 1063 Justiciariis
974 956 1170 1036 nostriset
1189 955 1381 1039 heredum
1401 955 1622 1037 nostrorum
1641 953 1921 1036 itinerantibus

489 1079 538 1158 ad
566 1082 796 1160 communia
823 1081 966 1189 placita
990 1097 1030 1160 et
1058 1079 1201 1188 placita
1228 1107 1370 1160 corone
1393 1077 1521 1159 nostre
1540 1079 1601 1158 vel
1622 1078 1670 1157 ad
1689 1075 1834 1186 placita
1851 1077 1919 1158 fo-

489 1201 843 1307 reste·Justiciariis
873 1202 1010 1283 nostris
1037 1202 1098 1283 vel
1116 1199 1309 1283 heredum
1329 1201 1549 1283 nostrorum
1569 1201 1617 1281 ad
1639 1198 1803 1281 felonias
1823 1227 1918 1310 pro·

467 1323 661 1404 diciones
691 1324 1000 1433 transgressiones
1031 1323 1201 1405 excessus
1230 1342 1271 1405 et
1298 1327 1372 1404 alia
1399 1325 1625 1434 gravamina
1652 1340 1692 1403 et
1711 1321 1918 1404 malefacta

487 1461 570 1524 tam
602 1433 650 1527 ad
679 1446 822 1528 sedtum
851 1449 1023 1529 nostram
1054 1447 1305 1528 etheredum
1325 1447 1545 1528 nostrorum
1565 1473 1685 1556 quam
1704 1443 1752 1525 ad
1772 1445 1917 1528 setiam

485 1571 605 1675 partis
624 1595 669 1649 ac
687 1597 820 1651 coram
837 1569 1068 1678 Justiciariis'
1087 1571 1226 1651 nostris
1246 1571 1293 1652 ad
1311 1597 1451 1681 pacem
1465 1570 1634 1651 nostram
1647 1569 1711 1648 seu
1726 1567 1918 1651 heredum
1994 1613 2003 1630 ·

484 1709 525 1770 et
543 1690 799 1774 successorum
818 1693 1041 1774 nostrorum
1063 1694 1111 1774 ad
1130 1694 1252 1774 affisas
1272 1713 1312 1774 et
1329 1689 1560 1799 Justiciariis
1581 1690 1717 1772 nostris
1738 1708 1779 1770 et
1797 1691 1913 1772 here-

484 1811 584 1896 dum
614 1815 838 1897 nostrorum
862 1817 909 1896 ad
936 1815 1081 1897 statuta
1105 1833 1145 1895 et
1169 1817 1438 1898 ordinaciones
1459 1815 1507 1894 de
1522 1812 1740 1911 artificibus
1758 1813 1913 1894 labora·

483 1936 635 2015 toribus
664 1939 919 2020 servientibus
950 1939 1152 2018 vitellariis
1182 1936 1420 2019 forstaliariis
1452 1963 1497 2016 ac
1527 1937 1576 2016 de
1606 1934 1845 2046 ponderibus
1872 1955 1914 2019 et

484 2057 672 2139 mensuris
691 2061 961 2142 conservandis
981 2060 1173 2170 affignatis
1193 2087 1314 2171 quam
1332 2085 1466 2140 coram
1485 2059 1800 2168 quibuscumque
1827 2061 1913 2141 aliis

483 2177 714 2283 Justiciariis
744 2183 954 2264 Officiariis
988 2203 1028 2264 et
1056 2183 1241 2268 ministris
1268 2182 1463 2263 nostriset
1482 2179 1673 2262 heredum
1694 2179 1913 2264 nostrorum

483 2319 567 2381 tam
587 2305 630 2384 in
648 2305 846 2414 presencia
862 2306 992 2386 nostra
1010 2323 1050 2385 et
1069 2305 1261 2386 heredum
1280 2303 1500 2385 nostrorum
1520 2331 1641 2412 quam
1667 2305 1709 2386 in
1736 2303 1914 2387 absencia

479 2421 609 2503 nostra
629 2443 669 2505 et
683 2424 877 2508 heredum
896 2425 1118 2508 nostrorum
1137 2453 1210 2509 nec
1227 2455 1307 2508 non
1327 2455 1461 2510 coram
1478 2427 1682 2535 ‘predicto
1702 2427 1909 2508 Cancella-

478 2545 540 2624 rio
568 2547 844 2630 Commissario
869 2549 1058 2658 deputato
1077 2549 1139 2628 vel
1159 2552 1242 2658 ejus
1262 2552 1550 2658 vicemgerente
1568 2546 1798 2654 Justiciariis
1817 2575 1911 2659 pre·

481 2667 595 2747 distis
625 2697 696 2778 per
722 2671 875 2751 didtum
895 2670 1186 2752 Cancellarium
1205 2673 1435 2781 affignandis
1455 2672 1676 2779 adjudicata
1693 2689 1734 2750 et
1753 2669 1909 2780 adjudi-

480 2790 605 2870 canda
623 2791 693 2872 ubi
713 2793 815 2902 ipsos
833 2792 996 2876 scolares
1014 2809 1082 2876 aut
1100 2821 1239 2876 eorum
1264 2796 1471 2877 servientes
1494 2796 1693 2877 ministros
1721 2813 1788 2876 aut
1817 2795 1910 2876 alias

480 2913 659 3022 personas
687 2917 951 3028 privilegiatas
978 2917 1054 2997 five
1082 2916 1246 3024 alicujus
1271 2943 1410 2996 eorum
1430 2933 1496 2996 aut
1515 2918 1618 2997 dicte
1637 2917 1909 2999 Univerfitatis

479 3033 675 3116 ministros
695 3039 760 3116 seu
778 3039 898 3118 aliam
915 3036 1120 3147 personam
1138 3038 1215 3118 rive
1233 3037 1411 3150 personas
1430 3037 1622 3148 predistas
1642 3037 1769 3118 versus
1786 3039 1911 3122 didos

443 3153 447 3164 “
479 3153 641 3237 scolares
662 3155 867 3240 servientes
885 3158 950 3240 seu
969 3157 1167 3241 ministros
1187 3160 1274 3243 suos
1294 3179 1361 3242 aut
1379 3160 1558 3273 personas
1570 3161 1832 3275 privilegiatus
1845 3162 1911 3244 seu

478 3267 652 3388 aliquem
663 3287 679 3336 ‘¹
692 3307 831 3364 eorum
850 3280 1124 3392 quovismodo
1139 3281 1382 3365 offendentes
1398 3303 1443 3366 ut
1457 3288 1701 3395 premittitur
1714 3285 1790 3366 five
1805 3312 1909 3395 quo-

478 3427 559 3510 quo
575 3403 696 3485 modo
714 3405 987 3514 delinquentes
1005 3403 1104 3488 fines
1123 3403 1252 3490 facere
1269 3406 1333 3490 vel
1346 3406 1476 3489 secisse
1489 3409 1691 3490 amerciari
1705 3387 1908 3490 sesemet·
1938 3393 1942 3404 ’
1962 3399 2003 3470 ⁴3²¹

477 3526 599 3636 ciatos
615 3525 727 3606 fuiffe
745 3529 874 3609 exitus
893 3529 968 3612 five
987 3529 1148 3640 aliquod
1167 3527 1447 3642 quodoumque
1466 3529 1689 3614 sorissacere
1706 3533 1770 3613 vel
1791 3530 1907 3612 foris-

478 3643 608 3730 feciffe
627 3650 795 3760 contigit
813 3649 889 3731 sive
907 3653 949 3732 in
967 3652 1149 3734 futurum
1167 3653 1380 3762 contigerit
1489 3655 1553 3734 Ac
1572 3677 1768 3736 rusursn
1790 3654 1839 3735 de
1855 3682 1905 3735 u·
1962 3665 2001 3772 5.
2021 3689 2085 3750 12.

478 3769 624 3855 beriori
654 3773 785 3880 gracia
812 3771 1098 3855 nostradamus
1120 3789 1162 3855 et
1180 3775 1437 3856 concedimus
1456 3765 1643 3890 predidis
1659 3775 1905 3860 cancellario

476 3910 517 3973 et
535 3893 743 3975 scolaribus
762 3893 1147 3980 dideUniverfitatis
1160 3924 1412 4010 quecumque
1426 3926 1576 3980 annum
1587 3899 1695 3980 diem
1706 3899 1908 4011 streppum

475 4017 627 4100 vastum
645 4016 898 4101 deodandum
919 4035 960 4100 et
977 4015 1203 4103 thesaurum
1220 4023 1427 4102 inventum
1445 4021 1584 4103 catalla
1601 4019 1781 4104 selooum
1798 4022 1904 4104 utla-

475 4159 657 4248 gatorum
676 4138 938 4250 fugitivorum
955 4141 1299 4254 dampnandorum
1323 4139 1504 4226 felonum
1534 4143 1583 4226 de
1602 4145 1640 4227 se
1659 4133 1906 4249 eq‘felonum·
1921 4131 1933 4236 ,Ψ

476 4264 519 4342 in
545 4263 748 4374 exigendis
777 4263 992 4376 positorum
1019 4265 1095 4348 five
1122 4267 1236 4349 aliter
1264 4265 1585 4377 delinquencium
1609 4294 1683 4380 pro
1702 4256 1783 4378 quo
1802 4269 1906 4350 bona

474 4384 550 4471 sive
567 4387 707 4502 catalla
723 4387 790 4468 sua
806 4389 987 4472 arnittere
1006 4389 1081 4472 five
1096 4386 1320 4474 forisfacere
1334 4389 1501 4473 debeant
1515 4389 1617 4473 infra
1631 4391 1768 4474 villam
1782 4391 1902 4472 Oxon

475 4514 692 4622 predictam
708 4529 749 4594 et
767 4509 952 4598 suburbia
968 4512 1141 4624 ejusdem
1159 4513 1364 4625 cujussibet
1383 4499 1423 4597 et
1438 4528 1781 4625 quorumcumque
1799 4512 1902 4622 lige-

447 4663 591 4718 ·orum
619 4635 695 4716 srve
722 4633 967 4736 subditorum
996 4637 1217 4722 nostrorum
1247 4665 1321 4721 nec
1346 4640 1629 4733 nonomnium
1648 4637 1845 4717 bonorum
1860 4652 1903 4719 et

475 4757 706 4840 catallorum
724 4785 1068 4871 quorumcumque
1086 4787 1326 4875 manuopere
1343 4779 1550 4873 captorum
1582 4761 1638 4840 Et
1664 4757 1773 4868 quod
1802 4757 1904 4839 bene

879 4999 1086 5066 vante
1125 4988 1576 5066 LECTIONES.¹
1670 5056 1674 5067 .

484 5227 492 5234 ·
513 5145 529 5188 Ρ
549 5137 676 5219 prefatis.
697 5137 739 5200 H.
755 5137 806 5201 sol.
822 5141 889 5205 181.
1262 5153 1278 5194 ἱ
1298 5141 1465 5206 eorundem.
1486 5139 1530 5202 H.
1545 5135 1598 5200 sol.
1617 5139 1692 5202 181·

1190 5248 1235 5332 H
1255 5275 1279 5332 2
1793 5241 1910 5324 liceat
