5118 6544
893 598 959 714 r..
1006 594 1244 696 now.
1315 599 1401 698 ru.
1507 523 1510 530 ⁸
1964 632 2027 729 ³3

395 833 396 838 Ν
450 768 534 854 lam
566 767 781 879 predidlam
810 787 851 851 et
888 769 964 850 alia
1000 769 1182 851 suburbia
1218 768 1391 878 ejusdem
1503 765 1877 851 eoncoromuu
1924 799 2040 904 §.61.

453 884 533 974 esti
552 893 728 972 unanimi
757 891 942 974 consensu
966 895 1070 974 inter
1094 912 1223 1003 partes
1241 889 1433 1003 predidlas
1454 907 1494 969 et
1512 917 1581 999 per
1599 890 1730 999 ipsum
1748 890 1882 972 dorni-

452 1017 552 1097 num
585 1012 833 1096 Richardum
862 1014 1086 1122 concellum
1116 1043 1189 1126 pro
1218 1016 1256 1095 se
1286 1033 1326 1095 et
1350 1011 1559 1094 heredibus
1589 1011 1664 1092 suis
1684 1012 1712 1093 fi
1731 1013 1884 1124 placeat

453 1138 618 1218 domiuo
645 1139 748 1246 Regi
772 1140 881 1246 quod
900 1138 1164 1218 Cancellarius
1183 1139 1287 1218 diue
1306 1135 1575 1217 Univerfitatis
1595 1137 1666 1246 qui
1684 1163 1757 1246 pro
1776 1153 1883 1216 tem-

453 1286 551 1368 pore
583 1257 703 1338 suerit
734 1262 796 1340 vel
826 1263 908 1368 ejus
936 1263 1041 1341 vices
1062 1287 1201 1371 gerens
1228 1262 1525 1370 imperpetuum
1553 1251 1695 1340 habeat
1714 1259 1756 1337 in
1775 1260 1883 1339 dieto

454 1379 662 1486 hundredo
680 1382 755 1463 five
774 1373 1290 1493 khundredocognieionem
1309 1383 1570 1492 agitacionem
1588 1400 1630 1462 et
1648 1380 1884 1464 decifionem

454 1505 638 1585 omnium
667 1505 868 1587 causarum
894 1511 1167 1589 contradtuum
1194 1526 1234 1586 et
1257 1507 1491 1617 placitorum
1511 1531 1643 1586 rerum
1674 1505 1887 1584 mobilium

457 1652 504 1730 ac
523 1627 753 1733 injuriarum
774 1650 814 1709 et
832 1629 1174 1740 transgressionum
1204 1629 1276 1709 ubi
1300 1629 1465 1709 clericus
1490 1627 1553 1707 vel
1581 1629 1723 1736 aliquis
1750 1626 1888 1707 desua

457 1747 611 1829 familia
638 1752 698 1830 vel
730 1745 1092 1834 serviens¹clericus
1123 1751 1188 1831 seu
1217 1751 1392 1832 minister
1416 1749 1684 1832 Univerfitatis
1703 1747 1888 1828 Bedellus

457 1897 503 1949 ac
550 1855 811 1953 Stacionarius
857 1881 883 1915 ¹¹²
901 1875 1247 1984 vPergatncntarius
1274 1879 1292 1913 ⁸
1315 1873 1568 1954 Luminarius
1610 1871 1675 1952 vel
1713 1871 1887 1979 Scriptor

456 1990 577 2073 fuerit
606 2019 684 2072 una
706 1999 885 2103 parcium
913 1998 1090 2077 deductis
1118 1996 1273 2106 placitis
1299 1994 1348 2075 de
1379 2013 1507 2076 morte
1535 1991 1709 2075 hominis
1737 2009 1778 2073 et
1797 2019 1886 2073 ma-

455 2111 593 2197 hemio
625 2135 666 2195 et
698 2121 747 2197 de
778 2118 903 2200 libero
936 2136 1164 2201 tenemento
1274 2119 1403 2200 ITEM
1436 2115 1658 2197 concellum
1689 2113 1746 2193 est
1783 2115 1886 2195 inter
1928 2121 2047 2234 δώῃ.

455 2259 584 2345 partes
609 2238 801 2344 predidlas
827 2260 867 2320 et
891 2271 962 2352 per
978 2243 1109 2352 ipsum
1127 2240 1335 2320 dominum
1356 2236 1603 2323 Richardum
1622 2254 1818 2346 quantum
1842 2237 1887 2318 in

455 2385 504 2438 eo
533 2360 588 2439 est
613 2359 835 2441 concellum
853 2389 925 2471 pro
944 2364 982 2442 se
1000 2380 1041 2443 et
1060 2361 1270 2444 heredibus
1288 2360 1366 2441 suis
1386 2362 1414 2441 fi
1433 2360 1584 2470 placeat
1599 2360 1764 2440 domino
1782 2361 1888 2468 Regi

457 2483 565 2590 quod
594 2483 720 2562 dictus
747 2485 1012 2567 Cancellarius
1038 2488 1108 2595 qui
1125 2511 1198 2595 pro
1217 2501 1395 2593 tempore
1411 2482 1532 2564 fuerit
1549 2483 1611 2564 vel
1629 2483 1712 2589 ejus
1730 2481 1889 2563 locum·

456 2621 594 2683 tenens
626 2622 667 2682 et
697 2605 753 2685 sui
789 2606 1016 2689 succeffores
1054 2609 1350 2717 imperpetuum
1379 2604 1550 2686 habeant
1576 2607 1619 2684 in
1647 2605 1753 2684 dicto
1781 2602 1889 2684 hun·

458 2723 579 2807 dredo
604 2726 679 2805 five
704 2726 889 2810 suburbio
907 2730 1184 2840 cognicionem
1203 2731 1253 2808 de
1270 2727 1594 2808 forstallatoribus
1613 2745 1653 2808 et
1672 2728 1890 2836 regratariis

456 2875 502 2929 ac
526 2849 712 2931 omnibus
732 2851 1000 2932 venditoribus
1019 2871 1060 2931 et
1079 2851 1325 2959 emptoribus
1352 2851 1583 2929 victualium
1610 2848 1762 2928 ibidem
1789 2875 1890 2927 con-

457 2988 519 3049 tra
544 2971 747 3078 privilegia
775 2973 1045 3051 Univerfitatis
1074 2972 1124 3050 de
1156 2969 1337 3048 carnibus
1368 2968 1445 3047 five
1473 2969 1642 3077 piscibus
1663 2969 1829 3076 putridis
1849 2985 1890 3050 et

458 3091 677 3170 immundis
707 3090 857 3168 viciofis
887 3091 962 3170 five
981 3090 1073 3171 alias
1092 3088 1451 3200 incompetentibus
1471 3108 1512 3170 et
1530 3091 1623 3170 vino
1641 3091 1801 3199 putrido
1827 3090 1891 3172 vel

458 3230 645 3322 corrupto
683 3228 723 3291 et
756 3209 992 3320 quibussibet
1018 3213 1103 3292 aliis
1137 3211 1370 3292 victualibus
1389 3210 1540 3292 ibidem
1559 3213 1691 3292 minus
1711 3213 1823 3293 bonis
1843 3239 1889 3294 ac

459 3335 622 3446 plenam
648 3331 820 3414 habeant
853 3335 1085 3444 potestatem
1115 3334 1248 3415 debite
1278 3335 1469 3444 puniendi
1489 3335 1764 3443 delinquentes
1783 3335 1827 3415 in
1845 3362 1891 3418 ea

460 3478 570 3567 parte
589 3474 628 3535 et
647 3453 912 3536 forisfaciendi
931 3483 991 3536 res
1009 3456 1061 3538 fic
1080 3474 1232 3566 emptas
1251 3457 1314 3536 vel
1333 3456 1508 3537 venditas
1527 3477 1663 3538 contra
1687 3457 1891 3570 privilegia

461 3578 733 3660 Universrtatis
763 3579 823 3657 Ita
842 3594 975 3658 tamen
993 3580 1102 3688 quod
1117 3605 1177 3659 res
1196 3577 1394 3660 forisfadte
1412 3578 1555 3660 dentur
1573 3577 1755 3687 hospitali
1770 3579 1892 3660 sancti
2052 3648 2057 3658 .

461 3701 652 3807 Johannis
671 3717 780 3780 extra
797 3717 952 3809 portam
970 3691 1204 3782 orientalem
1219 3701 1341 3782 Oxon
1451 3703 1580 3782 tun
1606 3701 1889 3782 concordatum
1931 3719 1967 3826 §
1983 3721 2048 3832 63,

461 3826 517 3905 est
547 3826 648 3904 inter
677 3840 806 3932 partes
833 3823 1026 3932 predidlas
1055 3824 1083 3904 sr
1109 3824 1262 3934 placeat
1282 3824 1448 3904 domino
1479 3825 1582 3932 Regi
1608 3825 1716 3931 quod
1746 3824 1889 3906 domus

462 3946 670 4028 scolarium
704 3943 805 4026 infra
844 3945 997 4027 dietum
1028 3943 1280 4027 hundredum
1312 3945 1388 4026 five
1421 3945 1654 4026 suburbium
1684 3945 1735 4027 de
1767 3949 1889 4056 quin·
1924 4025 1927 4052 ἶ

461 4071 636 4180 quennio
653 4071 695 4147 in
714 4069 1034 4175 quinquennium
1051 4069 1114 4148 vel
1132 4064 1237 4149 infra
1253 4085 1481 4150 retaxentur
1497 4068 1526 4148 fi
1545 4067 1729 4149 dominus
1748 4069 1891 4150 domus

462 4192 541 4273 hoc
575 4191 737 4300 pecierit
772 4209 841 4269 aut
872 4189 1138 4276 inhabitantes
1170 4217 1241 4301 per
1274 4189 1430 4272 eosdem
1463 4208 1656 4273 taxatores
1689 4219 1759 4301 per
1793 4215 1892 4301 quos

462 4333 646 4398 taxantur
678 4313 820 4393 domus
852 4313 1061 4395 scolarium
1094 4311 1196 4395 infra
1228 4313 1376 4393 dictam
1413 4313 1550 4394 villam
1661 4315 1732 4395 En
1764 4316 1891 4395 eciam
1931 4317 1969 4422 §.
1989 4312 2055 4416 64.

465 4437 572 4550 quod
611 4463 704 4516 cum
748 4436 914 4516 ministri
958 4436 1061 4517 dicte
1104 4435 1373 4517 Univerfitatis
1409 4453 1450 4516 et
1482 4435 1688 4519 servientes
1727 4436 1891 4522 clerico-

881 4643 1096 4737 vn'nrnn
1136 4672 1479 4738 tscnrouus

506 4817 633 4881 ¹etiam.
663 4819 706 4879 H.
722 4817 771 4880 fol.
787 4821 838 4898 78.
1243 4819 1520 4898 *Pergameuariua
1541 4815 1582 4878 H.
1596 4814 1649 4876 lol.
1665 4819 1718 4896 78.

506 4907 521 4946 '¹
543 4907 692 4968 suburbio.
705 4911 747 4970 H.
761 4911 870 4984 fol.78.
1243 4915 1257 4946 ¹
1271 4909 1467 4970 illuminator.
1488 4911 1532 4972 H.
1547 4908 1600 4967 fol.
1616 4908 1666 4984 78.

505 5003 514 5046 ¹
540 5004 655 5068 clerici.
670 5008 713 5068 H.
725 5007 778 5067 fol.
790 5010 840 5084 78.
1276 5005 1464 5082 Limioerius.
1484 5005 1536 5082 iol,
1553 5021 1621 5066 roa.
1637 5021 1704 5082 ¹34·
1717 5003 1787 5100 tor.

1094 5157 1153 5238 ‘E
1811 5179 1901 5236 rum
