5118 6544
906 575 943 668 1.
1015 569 1253 668 now,
1325 570 1409 665 ur.
1954 609 2012 705 ³1

444 728 627 842 Magistri
661 749 701 812 et
727 728 898 812 Scolares
923 730 1096 812 clamant
1120 727 1265 822 habere
1291 729 1333 808 in
1360 730 1468 811 dicto
1489 725 1695 812 hundredo
1715 729 1790 816 five
1807 731 1872 813 su·

445 855 590 935 burbio
600 873 708 934 extra
720 873 875 964 portam
889 855 1085 934 borealem
1100 845 1417 933 Ortonnidelicetb
1504 852 1874 936 dicticancellarius
1905 861 1942 969 §.
1965 885 2032 972 52.

444 977 626 1086 Magistri
657 995 697 1058 et
722 979 894 1058 Scolares
923 977 1095 1057 clamant
1122 977 1316 1084 integram
1338 976 1656 1082 jurisdiccionem
1683 994 1725 1056 et
1750 1004 1873 1085 equa·

442 1099 524 1178 lem
542 1101 591 1179 in
604 1099 712 1179 dieto
729 1098 934 1180 hundredo
952 1099 1027 1180 five
1044 1099 1229 1179 suburbio
1247 1099 1345 1178 ficut
1362 1098 1458 1178 alibi
1482 1100 1524 1177 in
1554 1098 1646 1178 villa
1675 1098 1797 1180 Oxon
1827 1120 1869 1182 et

441 1221 527 1300 aliis
556 1221 750 1302 suburbiis
778 1224 952 1331 ejusdem
982 1249 1026 1302 ac
1055 1224 1181 1302 eciam
1211 1221 1317 1330 quod
1345 1222 1442 1301 dicti
1470 1221 1734 1301 Cancellarius
1772 1222 1869 1302 Ma-

439 1344 550 1452 gistri
569 1363 609 1423 et
628 1345 799 1426 Scolares
819 1348 991 1426 clamant
1009 1345 1153 1425 habere
1171 1346 1213 1423 in
1233 1345 1339 1424 disto
1358 1342 1563 1425 hundredo
1585 1343 1659 1423 five
1682 1343 1873 1426 suburbio

438 1465 738 1574 inquificionem
756 1471 1045 1549 correccionem
1064 1465 1340 1547 cohercionem
1360 1487 1399 1547 et
1423 1467 1679 1574 punicionem
1712 1485 1869 1576 pertur-

442 1587 625 1668 batorum
654 1591 757 1700 pacis
796 1610 836 1673 et
874 1592 1198 1700 delinquencium
1227 1606 1363 1670 contra
1393 1589 1534 1668 statuta
1567 1589 1877 1671 consuetudines

438 1709 636 1792 libertates
670 1731 710 1792 et
738 1715 943 1824 privilegia
972 1713 1087 1823 ipsius
1119 1712 1388 1793 Univerfitatis
1416 1739 1487 1821 per
1514 1713 1868 1794 incarceracionem

437 1832 713 1914 bannicionem
744 1838 921 1917 censuras
946 1836 1213 1916 ecclefiasticas
1243 1854 1283 1914 et
1310 1833 1395 1912 aliis
1421 1833 1549 1912 modis
1568 1833 1657 1912 fieri·
1672 1834 1867 1916 consuetis

438 1952 542 2035 infra
574 1956 721 2036 didlam
749 1958 901 2038 Villam
930 1976 970 2039 et
994 1959 1069 2038 alia
1087 1956 1271 2037 suburbia
1290 1954 1472 2061 ejusdem
1580 1955 1651 2036 Er
1687 1955 1866 2036 limiliter
1905 1982 1943 2088 §ss
1967 2007 2042 2094 53·-

419 2077 544 2184 .quod
564 2077 691 2158 dictus
711 2081 974 2161 Cancellarius
994 2081 1155 2160 nomine
1175 2077 1445 2158 Univerfitatis
1472 2079 1514 2158 in
1533 2077 1640 2157 dic'to
1658 2073 1876 2163 hundredow

433 2199 511 2286 five
538 2199 725 2283 suburbio
749 2204 894 2284 clamat
912 2202 1056 2283 habere
1074 2203 1324 2312 cogniciones
1345 2201 1527 2280 omnium
1545 2200 1745 2280 causarum
1763 2226 1874 2281 con--

434 2324 631 2401 tractuum
659 2342 700 2402 et
727 2327 966 2431 placitorum
993 2349 1124 2402 rerum
1152 2322 1365 2404 mobilium
1392 2322 1625 2428 injuriarum
1660 2340 1702 2402 et
1739 2323 1867 2404 trans·

433 2441 677 2550 grellionum-
702 2445 773 2525 ubi
805 2447 970 2526 clericus
999 2447 1062 2526 vel
1092 2447 1190 2526 alius
1219 2445 1269 2524 de
1289 2443 1567 2552 jurisdiccione
1593 2445 1870 2526 Univerfitatis

431 2563 551 2646 suerit
570 2593 649 2646 una
665 2571 844 2676 parcium
863 2569 1040 2649 deductis
1059 2568 1214 2680 placitis
1234 2567 1282 2648 de
1301 2586 1428 2664 mopte
1444 2583 1484 2646 et
1502 2563 1703 2647 mahemio
1787 2567 1858 2648 Er
1903 2565 1942 2672 ᾗ.
1964 2589 2038 2676 54.-

429 2685 586 2798 insuper
614 2691 723 2797 quod
745 2692 839 2773 dieti
859 2692 1124 2774 Cancellarius
1145 2689 1327 2800 Magistri
1346 2708 1387 2770 et
1405 2688 1577 2769 Scolares
1596 2688 1769 2769 clamant
1787 2688 1861 2770 ha·

431 2810 523 2890 bere
549 2813 591 2892 in
624 2813 732 2892 dicto
752 2813 959 2896 hundredo
978 2815 1053 2894 five
1070 2812 1257 2895 suburbio
1275 2813 1550 2919 cognicionem
1572 2815 1861 2894 correccioncm

428 2949 469 3012 ct
487 2935 746 3042 punieionem
761 2936 1065 3016 forstallatorum
1084 2952 1124 3014 et
1138 2933 1436 3038 regratariorum
1455 2959 1500 3010 ae
1519 2935 1700 3011 omniurn
1720 2935 1861 3012 vendi-

429 3069 562 3132 torum
580 3071 621 3133 et
638 3075 865 3164 emptorum
883 3053 1122 3134 victualium·
1132 3051 1284 3132 ibidem
1302 3070 1439 3131 contra
1457 3051 1660 3161 privilegia
1684 3055 1858 3134 Univer-

1917 3245 2015 3300 »s

426 3173 545 3255 fitatis
665 3177 794 3256 Iram
830 3177 936 3284 quod
964 3176 1091 3256 dietus
1111 3174 1375 3256 Cancellarius
1404 3173 1467 3254 vel
1493 3174 1577 3282 ejus
1597 3176 1698 3256 vices
1717 3203 1855 3286 gerens
1892 3211 1915 3317 ς

425 3294 607 3378 homines
626 3296 667 3377 in
695 3298 801 3379 dieto
826 3295 1033 3382 hundredo
1065 3297 1141 3377 five
1170 3297 1358 3377 suburbio
1393 3315 1680 3377 commorantes
1701 3317 1741 3379 et
1760 3299 1854 3379 alios

427 3418 572 3529 quibus
603 3420 806 3500 incumbit
827 3420 972 3500 elamat
1000 3419 1237 3529 compellere
1261 3419 1310 3498 ad
1329 3421 1435 3499 vicos
1454 3419 1701 3503 mundandos
1721 3449 1863 3503 coram·

425 3542 660 3622 tenementis
694 3541 836 3624 suiset
866 3544 915 3623 ad
944 3544 1170 3654 pavimenta
1199 3541 1411 3652 reparanda
1429 3544 1622 3649 quociens
1637 3560 1677 3622 et
1696 3545 1855 3652 quando

424 3660 545 3744 fuerit
563 3662 713 3744 ibidem
747 3663 893 3746 neceffe
1005 3667 1134 3746 Irsm
1154 3666 1263 3773 quod
1279 3664 1452 3744 clamant
1471 3663 1567 3744 dicti
1588 3666 1856 3748 Cancellarius
1893 3671 1929 3778 §.
1949 3673 2026 3784 56..

423 3785 606 3894 Magistri
630 3804 671 3868 et
702 3787 874 3868 Scolares
905 3784 1050 3868 habere
1079 3788 1300 3868 taxaciones
1321 3787 1531 3870 domorum
1561 3789 1777 3868 Scolarium
1811 3791 1854 3870 in

422 3907 530 3988 dicto
571 3904 778 3992 hundredo
813 3909 889 3994 five
927 3909 1112 3992 suburbio
1150 3917 1164 3950 ⁶
1197 3928 1327 3991 taxare
1364 3909 1432 3990 vel.
1462 3909 1620 3991 allidere
1656 3911 1858 3993 ministros·

421 4029 525 4112 dicte
545 4031 816 4113 Univerfitatis
836 4052 876 4113 et
895 4033 1100 4113 servientes
1125 4033 1358 4113 clericorum
1378 4060 1423 4113 ac
1442 4033 1698 4114 Stacionarios
1718 4027 1733 4074 ‘¹
1753 4035 1850 4115 Per·

421 4156 683 4262 gamentarios
700 4162 722 4194 ‘·
745 4157 997 4237 Luminarios
1022 4176 1063 4236 et
1095 4157 1313 4264 Scriptores
1338 4157 1528 4263 quociens
1556 4175 1596 4239 et
1622 4155 1780 4265 quando
1800 4157 1849 4238 ad

418 4294 584 4384 quotam
599 4278 773 4388 aliquam
792 4279 1012 4360 solvendam
1032 4279 1081 4358 de
1100 4278 1213 4360 bonis
1233 4279 1307 4360 suis
1327 4279 1478 4359 ibidem
1497 4278 1847 4362 allidendifucrint

419 4399 481 4479 vel
509 4401 667 4482 taxandi
755 4403 905 4485 ,laam
934 4403 1041 4511 quod
1069 4402 1214 4482 clamat
1238 4401 1501 4483 Canceltarius
1520 4402 1623 4484 dicte
1642 4403 1845 4483 Univerfi-
1882 4391 1918 4498 S·
1937 4412 2003 4502 57·

417 4522 509 4602 tatis
538 4523 734 4634 integram
764 4525 910 4607 affisam
940 4545 980 4607 et
1004 4525 1158 4606 alisiam
1185 4525 1454 4606 mensurarum
1485 4543 1526 4606 et
1555 4527 1773 4635 ponderum
1802 4526 1854 4606 iu·
1976 4527 1982 4540 ’

796 4765 1049 4828 VARIAE
1089 4763 1491 4827 Lttc'rtotttts.

459 4860 474 4901 l
488 4864 584 4944 Qtod.
600 4866 641 4927 Η.
656 4869 708 4931 fol.
721 4887 771 4951 77.
1193 4877 1207 4906 ⁸
1220 4869 1437 4930 Illiminstorcs.
1457 4865 1629 4945 H.t01.7s.

460 4971 518 5024 ‘et
532 4966 577 5024 H.
598 4968 649 5030 fol.
662 4973 712 5046 78.
766 5016 773 5022 .
1222 4967 1409 5029 Limiusrios.
1429 4962 1790 5046 tt.sf0t102.134.260.

456 5066 725 5148 1Ρετειιικιιειτίοε.
744 5073 789 5139 H.
802 5075 854 5138 fol.
871 5077 922 5153 78.
1735 5168 1815 5248 di&

1815 5194 1842 5251 0
