5118 6544
547 601 612 690 a
1160 551 1670 650 naara

505 755 537 841 ς.
562 746 628 851 36,
697 735 811 815 terias
828 753 866 814 et
881 732 1055 842 querelas
1069 733 1241 841 exceptis
1255 735 1498 842 preexceptis
1519 731 1678 812 audiant
1694 748 1733 811 et
1753 735 1965 814 terminent
2053 742 2120 820 Ac

696 861 831 940 omnia
849 877 889 936 et
908 856 1137 935 omnimoda
1156 857 1457 934 amerciamenta
1475 859 1602 934 exitus
1617 855 1879 937 sorissaeturas
1893 877 1931 937 et
1947 859 2120 967 proficua

696 980 788 1062 inde
806 979 1080 1090 proveniencia
1100 980 1147 1056 ad
1166 979 1422 1070 commodum
1444 998 1483 1057 et
1504 980 1719 1058 utilitatem
1739 982 2005 1062 Universrtatis
2026 1013 2117 1091 pre-

694 1106 797 1185 diete
816 1103 985 1184 habeant
1004 1102 1135 1179 levent
1154 1120 1192 1179 et
1211 1104 1428 1210 percipiant
1441 1129 1509 1209 per
1525 1102 1561 1179 se
1576 1121 1617 1180 et
1635 1103 1840 1211 deputatos
1862 1105 1947 1184 suos
1967 1109 2116 1216 imper-

529 1292 536 1310 .
614 1295 622 1314 .
693 1248 860 1338 petuum
972 1226 1064 1304 ITA
1087 1224 1195 1332 quod
1214 1226 1344 1303 nullus
1363 1224 1606 1328 Justiciarius
1624 1226 1672 1304 ad
1692 1226 1836 1334 placita
1856 1255 1987 1308 coram
2001 1231 2115 1310 nobis

695 1351 760 1431 seu
789 1349 998 1430 heredibus
1025 1347 1161 1426 nostris
1181 1348 1348 1427 tenenda
1366 1347 1571 1455 affignatus
1589 1349 1651 1426 vel
1670 1348 1912 1456 affignandus
1932 1353 2116 1454 Justicia-

695 1476 774 1553 rius
791 1475 838 1552 de
858 1473 1064 1553 communi
1084 1473 1214 1549 Banco
1230 1471 1472 1574 Justiciarius
1491 1472 1539 1549 ad
1555 1470 1674 1550 affisas
1688 1474 1892 1580 capiendas
1910 1475 1970 1552 vel
1986 1476 2116 1582 gaolas

694 1597 963 1675 deliberandas
977 1595 1037 1672 vel
1058 1593 1247 1672 Custodes
1266 1595 1371 1703 pacis
1389 1593 1452 1672 seu
1471 1592 1681 1697 Justiciarii
1701 1593 1936 1675 servientum
1962 1597 2116 1676 labora·

693 1738 826 1798 torum
847 1736 886 1797 et
905 1715 1101 1795 artificum
1121 1715 1185 1795 seu
1207 1717 1273 1794 alii
1291 1716 1499 1819 Justiciarii
1519 1717 1579 1796 vel
1598 1716 1757 1819 Judices
1777 1720 2019 1825 quicumque
2047 1722 2116 1798 Se-

692 1840 882 1921 nescallus
908 1832 996 1918 fvel
1016 1838 1258 1918 marescallus
1280 1840 1341 1918 vel
1360 1839 1524 1917 clericus
1544 1840 1706 1918 mercati
1724 1837 1888 1947 hospicii
1908 1843 2025 1919 nostri
2054 1842 2116 1920 vel

689 1962 882 2045 heredum
902 1963 1122 2043 nostrorum
1138 1963 1371 2043 Vicecomes
1398 1962 1531 2068 Major
1549 1962 1721 2041 Ballivus
1744 1962 1807 2041 seu
1828 1963 1924 2041 alius
1951 1963 2115 2042 Officia-

687 2089 767 2167 rius
789 2088 848 2166 vel
875 2087 1052 2167 minister
1076 2084 1205 2166 noster
1229 2085 1291 2165 vel
1318 2083 1509 2164 heredum
1538 2077 2042 2193 nostrorumlquicumque
2067 2087 2117 2165 de

689 2205 916 2312 hujusmodi
944 2209 1097 2314 placitis
1129 2207 1297 2314 querelis
1324 2207 1588 2288 contradibus
1610 2208 1782 2288 articulis
1803 2209 1921 2288 causrs
1943 2211 2117 2288 materiis

689 2329 751 2406 vel
773 2330 856 2407 aliis
878 2328 991 2405 rebus
1011 2328 1196 2434 predistis
1220 2327 1286 2404 seu
1306 2353 1442 2404 eorum
1460 2329 1592 2435 aliquo
1609 2335 1781 2435 exceptis
1794 2332 2036 2439 preexceptis
2051 2334 2116 2410 in-

688 2449 749 2530 fra
767 2450 914 2527 dieram
929 2449 1063 2527 villam
1085 2449 1203 2526 Oxon
1221 2447 1403 2525 suburbia
1421 2449 1486 2525 seu
1499 2450 1748 2554 procinstum
1762 2452 1932 2555 ejusdem
1947 2452 2006 2530 vel
2021 2454 2116 2532 alibi

688 2571 790 2652 infra
809 2599 975 2679 regnum
992 2569 1167 2650 nostrum
1185 2568 1330 2676 Anglie
1349 2569 1462 2648 fastis
1483 2570 1545 2647 vel
1563 2567 1753 2649 faciendis
1773 2573 1814 2649 in
1835 2573 2032 2678 presencia
2044 2601 2117 2653 nec

688 2695 866 2774 absencia
894 2693 1013 2773 nostri
1038 2692 1101 2772 vel
1129 2690 1322 2772 heredum
1342 2692 1562 2771 nostrorum
1582 2677 1680 2772 se'in
1697 2693 1829 2801 aliquo
1851 2697 2118 2776 intromittant

606 2865 616 2889 ι
687 2820 759 2898 ΕΤ
781 2817 947 2896 sriidem
966 2815 1177 2921 Justiciarii
1195 2833 1263 2894 aut
1277 2815 1344 2894 alii
1360 2815 1525 2894 ministri
1545 2815 1663 2894 nostri
1683 2814 1747 2894 seu
1764 2843 1900 2894 eorum
1920 2818 2060 2925 aliquis
2073 2820 2116 2898 in

689 2940 887 3050 presencia
906 2939 967 3018 vel
984 2938 1160 3018 absencia
1175 2937 1295 3016 nostri
1314 2938 1375 3016 vel
1392 2935 1584 3016 heredum
1600 2938 1819 3016 nostrorum
1841 2939 1951 3046 super
1971 2942 2116 3047 aliqui-

689 3066 762 3143 bus
783 3062 973 3173 premiffis
993 3061 1167 3169 exceptis
1186 3062 1429 3170 preexceptis
1451 3060 1648 3168 inquirere
1675 3061 1740 3139 seu
1768 3062 1991 3167 aliqualiter
2018 3088 2116 3170 cog-

688 3187 845 3267 noscere
870 3187 931 3265 vel
950 3185 1215 3264 intromittere
1231 3184 1533 3292 presumpserint
1551 3184 1592 3261 in
1612 3180 1794 3262 futurum
1814 3185 1935 3262 iidem
1950 3184 2114 3288 Justiei-

687 3302 786 3390 arii¹¹
802 3337 846 3390 ac
860 3308 926 3388 alii
940 3308 1104 3388 ministri
1121 3325 1161 3387 et
1176 3307 1367 3387 Officiarii
1382 3306 1549 3414 predicti
1565 3306 1612 3385 ad
1632 3305 1959 3386 certificacionem
1979 3307 2114 3387 notifi-

687 3434 889 3514 cacionem
908 3428 1311 3539 seusrgnificacionem
1325 3428 1558 3508 Cancellarii
1571 3430 1841 3509 Univerfitatis
1854 3430 2027 3538 prediste
2047 3432 2117 3538 qui

685 3583 758 3665 pro
775 3574 953 3664 tempore
972 3555 1091 3635 suerit
1105 3571 1173 3633 aut
1192 3552 1274 3658 ejus
1291 3550 1555 3632 commissarii
1569 3551 1644 3631 five
1658 3552 1963 3633 locumtenentis
1977 3554 2114 3659 inqui·

686 3679 897 3759 ficionibus
928 3697 968 3757 et
1000 3674 1297 3784 cognitionibus
1327 3674 1552 3779 hujusmodi
1576 3692 1644 3755 aut
1669 3677 1908 3784 cuicumque
1927 3674 2115 3783 processui

685 3820 725 3882 et
746 3802 974 3881 execucioni
992 3800 1083 3878 inde
1100 3797 1439 3907 qualitercumque
1458 3793 1646 3875 faciendis
1662 3797 1826 3873 omnino
1845 3797 2114 3903 supersedeant

684 3943 723 4004 et
753 3924 791 4002 se
821 3924 911 4003 inde
938 3924 1100 4002 ulterius
1119 3923 1161 4000 in
1184 3919 1316 4025 aliquo
1336 3918 1557 3996 nullatenus
1579 3917 1848 3998 intromittant
1868 3945 1938 3996 nec
1959 3937 2114 4027 partem

685 4048 733 4125 ad
750 4045 1062 4156 respondendum
1077 4042 1169 4124 inde
1184 4069 1316 4121 coram
1334 4040 1423 4149 ipsrs
1435 4056 1584 4148 ponant
1601 4038 1664 4118 sed
1679 4038 1787 4146 quod
1801 4066 1887 4146 pars
1902 4040 1967 4118 illa
1980 4066 2113 4119 coram

684 4161 815 4248 iditio
843 4169 1088 4250 Cancellario
1115 4186 1155 4246 et
1187 4163 1460 4244 successoribus
1481 4161 1557 4240 suis
1579 4188 1714 4241 eorum
1735 4160 2016 4242 commissariis
2037 4164 2112 4242 five

683 4279 1043 4372 locumtenentibus
1064 4290 1155 4370 inde
1175 4288 1423 4369 solummodo
1442 4284 1651 4393 castigetur
1669 4302 1708 4365 et
1722 4285 1906 4395 puniatur
1923 4287 1964 4363 in
1984 4284 2113 4365 sotma

491 4415 529 4519 §-
551 4437 615 4522 39.
682 4415 857 4522 predicta
945 4417 1016 4496 ET
1041 4437 1264 4494 voturvrus
1287 4431 1326 4492 et
1345 4409 1599 4491 concedimus
1618 4409 1725 4516 quod
1743 4407 1818 4487 hee
1841 4408 1969 4486 littere
1985 4407 2115 4485 nostre

675 4536 897 4622 habeantur
910 4558 950 4622 et
966 4537 1231 4618 deliberentur
1242 4533 1403 4644 prefatis
1420 4532 1664 4615 Cancellario
1679 4549 1718 4612 et
1734 4531 1950 4613 Scolaribus
1968 4529 2112 4642 absque

1098 4771 1318 4834 VARIAE
1358 4771 1700 4834 LECTIONES.

723 4933 796 4995 ret.
834 4934 877 4995 H.
894 4935 1030 4996 sol.188.
1473 4928 1569 4990 haut.
1612 4934 1654 4993 Η.
1677 4932 1812 4992 sol.188.

718 5042 1016 5116 ⁸quorumeumquc.
1056 5033 1100 5098 H.
1120 5033 1261 5096 sol.188.
1476 5028 1601 5092 ¹diuis.
1642 5031 1686 5091 H.
1705 5031 1842 5093 fol.188.

2026 5123 2111 5206 fine
