5118 6544
830 640 899 730 Ἰ.
974 578 1403 778 Ebwsvn
1924 671 1983 764 ²3

406 847 449 926 ni
480 841 600 924 nostri
628 841 764 920 oslavo
875 839 1165 920 Iusruxrruus
1195 838 1351 950 insuper
1375 836 1575 948 quandam
1606 835 1727 919 aliam
1756 865 1842 920 car·
1889 839 1927 943 §.
1947 834 2013 943 38.

407 987 491 1048 tam
512 991 631 1073 quam
650 987 721 1040 nos
742 987 866 1070 nuper
888 960 973 1040 fieri
988 961 1155 1070 fecimus
1175 966 1217 1044 in
1237 962 1311 1042 hec
1331 962 1450 1042 verba
1560 961 1842 1044 Eownttnos
1859 993 1949 1054 udw.
1965 993 2018 1051 111.

410 1091 487 1170 Dei
505 1085 636 1192 gracia
655 1085 744 1163 Rex
772 1083 917 1193 Anglie
935 1103 976 1163 et
996 1086 1159 1166 Francie
1178 1106 1218 1166 et
1237 1087 1435 1166 Dominus
1457 1084 1652 1164 Hibernie
1672 1085 1846 1164 Archis-

409 1209 576 1321 piscopis
605 1205 808 1316 Episcopis
838 1206 1060 1288 Abbatibus
1086 1209 1285 1288 Prioribus
1307 1208 1487 1289 Ducibus
1508 1208 1733 1289 Comitibus
1769 1209 1848 1288 Ba-

411 1331 571 1412 tonibus
603 1329 832 1434 Justiciariis
861 1331 1174 1412 vicecomitibus
1203 1331 1409 1440 Pteposrtis
1439 1330 1633 1410 Ministris
1653 1349 1692 1411 et
1712 1331 1848 1409 omni-

413 1455 486 1534 bus
520 1451 678 1533 Ballivis
707 1472 747 1532 et
776 1452 955 1532 fidelibus
985 1453 1059 1534 suis
1089 1456 1252 1534 salutem
1309 1455 1461 1533 Iussu
1494 1471 1644 1532 ceterea
1673 1481 1851 1563 perque

415 1576 670 1684 regnancium
705 1592 745 1654 et
783 1603 995 1684 regnorum
1029 1577 1218 1658 exultacio
1251 1587 1481 1685 procuratur
1521 1604 1564 1655 ac
1603 1576 1852 1656 subditorum

415 1698 630 1778 consulitur
649 1701 869 1778 commodis
885 1717 924 1777 et
939 1700 1064 1807 quieti
1080 1702 1180 1780 illud
1199 1701 1354 1780 videtur
1372 1717 1521 1778 attenta
1541 1699 1852 1778 confideracione

415 1821 648 1930 precipuum
677 1837 722 1899 ut
750 1821 793 1900 in
823 1822 996 1929 ipsorum
1026 1850 1237 1931 regnorum
1267 1823 1458 1930 regimine
1488 1824 1670 1929 potencia
1709 1839 1748 1899 et
1792 1821 1852 1897 sa·

416 1942 571 2050 piencia
601 1969 678 2049 que
708 1943 756 2019 de
785 1943 905 2022 fluvio
934 1944 1103 2023 liberalis
1132 1946 1296 2025 sciencie
1324 1943 1518 2056 potiffime
1549 1943 1770 2023 derivantur
1790 1941 1856 2020 sua

418 2065 719 2144 communicent
747 2065 877 2144 officia
904 2083 944 2144 et
973 2085 1113 2146 mutuo
1133 2067 1170 2146 se
1190 2067 1418 2175 supportent
1447 2093 1539 2144 nam
1560 2065 1725 2174 potestas
1740 2064 1856 2142 'mili-

417 2189 508 2265 taris
538 2185 609 2265 nifi
640 2185 759 2265 suerit
786 2213 857 2296 pet
885 2187 1120 2296 sapienciam
1148 2188 1321 2296 regulata
1349 2190 1396 2268 de
1416 2187 1523 2267 sacili
1543 2189 1670 2266 deviat
1692 2205 1730 2265 et
1751 2187 1858 2266 velut

418 2311 526 2388 navis
555 2307 633 2384 fine
660 2309 927 2415 gubernaculo
954 2311 1138 2418 procellis
1169 2309 1341 2420 exposita
1361 2311 1441 2388 cito
1461 2313 1562 2418 perit
1591 2329 1631 2389 et
1658 2311 1780 2388 visum
1801 2309 1857 2387 est

419 2431 686 2509 communiter
714 2429 887 2509 accidere
917 2433 1022 2538 quod
1053 2433 1122 2513 ubi
1151 2432 1324 2514 studium
1353 2431 1605 2512 scienciarum
1634 2431 1856 2510 liberalium

419 2553 509 2662 plus
538 2552 706 2630 invaluit
729 2553 823 2632 illuc
844 2553 976 2633 floruit
995 2558 1239 2635 eminencius
1270 2557 1418 2635 milicia
1446 2554 1626 2633 secularis
1655 2572 1694 2632 et
1724 2553 1856 2631 absce-

420 2676 537 2754 dente
556 2671 783 2779 hujusmodi
804 2675 932 2755 studio
948 2677 1132 2758 milicie¹²
1160 2679 1366 2757 strenuitas
1396 2678 1450 2756 est
1480 2677 1608 2756 secuta
1636 2677 1733 2754 Sane
1762 2703 1856 2754 cum

422 2797 660 2876 Univerfitas
682 2797 801 2876 Oxon
815 2798 922 2878 velut
940 2799 1030 2878 sons
1051 2820 1091 2880 et
1112 2801 1242 2878 alveus
1261 2797 1488 2905 hujusmodi
1510 2799 1626 2877 studii
1649 2800 1857 2906 precipuus

420 2947 505 2999 rore
525 2918 683 2998 scientie
702 2918 872 2998 liberalis
895 2947 1063 3026 regnum
1083 2922 1258 2998 nostrum
1279 2921 1426 3026 Anglie
1446 2920 1746 3030 eminantiffimc
1776 2919 1855 2996 res-

421 3041 580 3149 perserit
614 3057 654 3115 et
683 3041 780 3116 ficut
810 3042 900 3116 vitis
929 3039 1160 3116 habundans
1189 3040 1336 3117 multos
1366 3041 1405 3116 in
1437 3042 1549 3116 vinea
1576 3041 1741 3117 Domini
1762 3067 1863 3146 pro-¹

425 3160 581 3241 duxerit
607 3159 788 3266 palmites
820 3157 1035 3237 frustuosos
1058 3161 1159 3239 viros
1179 3161 1359 3240 videlicet
1375 3159 1649 3239 literatiflimos
1670 3189 1739 3269 per
1759 3187 1857 3267 quos

424 3303 507 3364 tam
540 3281 670 3389 ipsum
705 3305 872 3388 regnum
909 3309 1028 3389 quam
1059 3284 1139 3388 ejus
1170 3283 1432 3363 sacerdocium
1462 3285 1689 3362 decoratum
1727 3283 1782 3362 est
1820 3303 1860 3362 et

424 3403 699 3512 multipliciter
718 3404 945 3482 roboratum
1000 3403 1093 3484 Nos
1115 3407 1185 3511 qui
1213 3405 1525 3485 consideracione
1544 3404 1721 3514 premissa
1742 3405 1856 3514 quie·

422 3547 506 3608 tem
539 3543 579 3603 et
606 3525 898 3604 incrementum
925 3523 1041 3634 ipfius
1061 3524 1333 3607 Univerfitatis
1353 3529 1522 3607 corditer
1542 3529 1762 3636 appetimus
1782 3554 1855 3606 au-

424 3651 506 3730 dita
531 3644 745 3755 periculosa
773 3649 962 3727 discordia
990 3675 1115 3756 nuper
1134 3653 1236 3729 inter
1256 3651 1426 3728 Scolares
1446 3649 1561 3758 ipsius
1583 3649 1855 3729 Universrtatis

426 3790 468 3852 et
492 3768 674 3882 homines
701 3770 805 3848 diste
834 3771 923 3863 ville
943 3771 1119 3851 suscitata
1139 3793 1178 3852 et
1197 3773 1403 3852 intellectis
1423 3772 1649 3852 homicidiis
1670 3774 1860 3853 incendiis

427 3891 774 4003 depredacionibus
807 3911 847 3972 ct
876 3893 988 3974 malis
1014 3895 1098 3974 aliis
1118 3893 1174 3974 ibi
1193 3893 1305 3975 fastis
1326 3896 1501 3976 dolentes
1520 3895 1668 3975 suimus
1689 3897 1869 3974 nimium.

428 4035 468 4097 et
498 4015 645 4096 turbati.
673 4016 849 4096 videntes
880 4015 1001 4126 ipsam
1034 4015 1336 4098 Univerfitatem
1367 4019 1604 4127 peculiarem
1634 4019 1729 4098 dieti
1749 4014 1860 4124 regni

430 4137 658 4220 thesaurum
687 4157 727 4217 et
757 4138 868 4249 super
901 4165 1040 4218 aurum
1069 4158 1109 4217 et
1129 4139 1331 4250 thopafion
1352 4142 1568 4249 preciosum
1589 4141 1861 4220 miserabiliter

431 4262 643 4342 desolatam
672 4287 715 4340 ac
748 4261 979 4341 subversroni
1011 4279 1192 4372 patenter
1224 4265 1437 4373 exposrtam
1469 4265 1495 4342 st
1525 4284 1660 4343 contra
1698 4267 1872 4342 cunctos·

432 4381 648 4494 culpabiles
686 4381 789 4463 sada
817 4379 945 4464 suisset
972 4387 1198 4494 prosecucio
1227 4387 1394 4494 rigorosa
1424 4405 1463 4464 et
1493 4389 1656 4494 proinde
1685 4387 1871 4466 volentes¹

430 4535 588 4616 parcere
607 4505 820 4590 multidlrdi
840 4508 1030 4588 severitati
1059 4529 1176 4617 prout
1206 4511 1363 4617 expedit
1388 4509 1628 4588 detrahendo
1656 4529 1698 4586 ut
1719 4509 1768 4586 fic
1798 4511 1861 4615 ip-

430 4631 510 4712 sam
539 4629 840 4710 Universrtatenr
870 4632 1129 4740 redintegrare
1158 4651 1197 4711 et
1226 4632 1339 4741 super
1367 4631 1481 4740 ipfius
1512 4635 1643 4739 quiete
1673 4649 1860 4738 perpetua

432 4757 449 4790 ⁸
455 4751 655 4860 possumus
676 4754 817 4834 melius
837 4773 876 4833 et
893 4755 1059 4834 securius
1077 4781 1147 4864 per
1166 4752 1244 4834 Dei
1260 4755 1433 4862 graciam
1454 4757 1632 4836 ordinare
1653 4753 1757 4860 Qia
1778 4773 1875 4832 tam..

799 4993 1053 5055 VARIAE
1095 4991 1485 5054 LECTIONES.

469 5135 649 5196 *sterilitas
678 5135 787 5196 H.f01.
803 5155 853 5214 74.
1207 5146 1220 5175 ⁰
1240 5137 1383 5214 posl'unus.
1405 5137 1444 5197 H.
1460 5137 1512 5195 sol.
1529 5153 1575 5214 74.
1689 5223 1723 5298 C
1820 5217 1834 5297 l

1727 5245 1856 5300 unce·-
