5118 6544
1126 637 1634 732 CARTA

683 823 742 900 vel
774 823 936 931 Pytpbld
956 821 1057 902 infra
1087 824 1220 903 villam
1254 827 1372 903 Oxon
1400 824 1474 903 five
1493 824 1684 903 suburbiis
1704 822 1874 930 ejusdem
1894 837 1932 900 et
1951 822 2100 902 ibidem

683 943 838 1052 possunt
857 947 963 1024 licite
984 948 1197 1052 imparcare
1218 949 1350 1024 omnia
1369 965 1407 1024 et
1437 946 1585 1054 singula
1614 949 1738 1024 averia
1767 945 1868 1023 bona
1896 963 1934 1023 et
1963 946 2101 1023 catalla

683 1070 863 1144 omnium
885 1085 923 1144 et
944 1068 1182 1173 singulorum
1203 1092 1278 1174 que
1300 1096 1367 1174 per
1386 1069 1514 1174 legem
1535 1087 1633 1146 terre
1654 1068 1777 1146 nostre
1793 1070 1995 1174 imparcari
2010 1066 2099 1174 pos-

684 1188 831 1266 suntet
852 1189 995 1266 debent
1015 1217 1057 1267 ac
1078 1192 1210 1268 omnia
1229 1211 1266 1268 et
1287 1191 1432 1296 singula
1451 1189 1622 1296 proficua
1643 1192 1942 1268 amerciamenta
1967 1209 2007 1268 et
2027 1189 2096 1266 ad-

683 1313 860 1416 vantagia
880 1329 919 1387 et
938 1312 1134 1389 libertates
1154 1313 1281 1389 eidem
1302 1340 1417 1417 parco
1437 1314 1650 1418 spectancia
1669 1312 1743 1389 srve
1769 1313 2008 1418 pertinencia
2035 1337 2097 1387 re·

681 1433 810 1538 cipere
840 1452 879 1510 et
911 1431 1053 1511 habere
1079 1433 1235 1542 possunt
1252 1435 1347 1511 adeo
1367 1435 1482 1541 plene
1502 1454 1540 1512 et
1560 1435 1709 1539 integre
1731 1434 1826 1511 s1cut
1846 1458 1915 1509 nos
1935 1431 2095 1510 heredes

679 1544 739 1630 iet
759 1554 1034 1658 predecessores
1055 1575 1094 1633 et
1113 1554 1335 1634 successores
1358 1554 1474 1633 nostri
1491 1554 1679 1633 habemus
1695 1553 1758 1632 seu
1776 1579 1950 1660 unquam
1966 1552 2094 1630 habu·

682 1675 785 1751 imus
817 1674 1048 1754 haberemus
1081 1677 1155 1754 srve
1183 1680 1467 1784 perciperemus
1496 1678 1543 1755 ad
1563 1676 1676 1754 usum
1695 1695 1736 1755 et
1755 1675 1972 1784 proficuum
1992 1674 2095 1752 diste

603 1846 612 1867 .
681 1796 948 1876 Univerfitatis
981 1791 1143 1876 nostrek
1165 1800 1336 1905 predidte
1364 1801 1656 1905 imperpetuum
1766 1799 1836 1876 ET
1871 1820 2093 1875 vosuMus

681 1935 722 1995 et
748 1920 998 1997 concedimus
1029 1922 1135 2027 quod
1169 1921 1312 2027 aliquis.
1334 1919 1483 1999 scolaris
1504 1920 1667 1998 serviens
1687 1918 1752 1997 seu
1770 1917 1943 1996 minister
1962 1943 2099 1995 eorum

682 2039 747 2116 seu
777 2040 906 2147 aliqua
935 2041 1009 2119 alia
1027 2043 1186 2149 persona
1205 2042 1448 2149 privilegiata
1467 2060 1532 2120 aut
1552 2043 1681 2148 aliqua
1696 2042 1769 2119 alia
1788 2039 1947 2148 persona
1967 2038 2097 2147 perso·

680 2187 819 2238 narum
851 2165 1111 2268 predictarum
1143 2165 1319 2241 arrestata
1349 2165 1583 2242 incarcerata
1617 2165 1681 2241 seu
1713 2163 1962 2270 imprisonata
1996 2157 2102 2238 infra»

677 2273 689 2321 ¹
704 2284 949 2389 precindlum
970 2284 1071 2361 diste
1089 2285 1355 2362 Universrtatis
1375 2286 1593 2362 Hundreda
1612 2305 1650 2363 et
1668 2287 1888 2362 Comitatus
1904 2283 2097 2390 predislos

679 2401 741 2479 vel
762 2403 854 2481 alibi
873 2403 974 2482 infra
993 2432 1158 2511 regnum
1178 2406 1351 2483 nostrum
1372 2407 1516 2512 Anglie
1533 2404 1617 2513 post
1638 2407 1823 2482 noticiam
1843 2431 1892 2481 ex
1924 2404 2096 2481 insrnua-

602 2605 608 2616 ,
678 2524 791 2601 cione
822 2544 862 2602 et
895 2524 1178 2632 srgnificacione
1208 2525 1347 2635 prefati
1378 2527 1607 2606 Cancellarii
1636 2526 1710 2604 srve
1739 2524 1998 2603 Commissarii
2019 2524 2099 2600 srve·

677 2646 761 2749 ejus
791 2646 968 2753 deputati
998 2676 1069 2755 pro
1101 2667 1275 2754 tempore
1304 2646 1503 2726 existentis
1537 2647 1680 2724 fastam
1702 2646 1864 2723 Custodi
1885 2644 2036 2752 prisone
2056 2663 2099 2723 et

678 2771 839 2847 carceris
868 2771 909 2848 in
939 2797 1018 2876 quo
1038 2768 1261 2875 hujusmodi
1281 2769 1480 2847 arrestatus
1501 2769 1561 2847 vel
1585 2768 1857 2875 imprisonatus
1879 2766 2007 2844 existit
2028 2793 2097 2873 per

678 2889 902 2968 indenturas
921 2893 1024 2968 inter
1040 2890 1191 2968 dietum
1208 2892 1495 2970 Cancellarium
1515 2890 1578 2968 seu
1599 2889 1915 2968 Commislarium
1936 2906 1975 2964 et
1995 2887 2094 2965 Cus-

678 3008 789 3088 todes
810 3012 959 3120 prisone
979 3014 1054 3091 five
1070 3014 1231 3090 carceris
1250 3012 1474 3116 hujusmodi
1492 3009 1610 3090 saslas
1630 3039 1698 3119 per
1724 3012 1879 3089 eosdem
1907 3009 2095 3088 Custodes

678 3133 859 3241 predictis
880 3136 1120 3215 Cancellario
1150 3134 1421 3213 Commissario
1449 3154 1515 3212 aut
1535 3136 1615 3239 ejus
1646 3134 1832 3241 deputato
1864 3151 1930 3212 aut
1959 3159 2095 3210 eorum

679 3255 753 3333 five
774 3258 933 3362 alicujus
950 3285 1084 3336 eorum
1103 3276 1210 3336 certo
1226 3276 1419 3335 attornato
1438 3256 1565 3334 statim
1581 3255 1845 3334 deliberentur
1861 3273 1898 3332 et
1918 3251 1994 3332 hoc
2010 3254 2094 3331 abs·
2221 3341 2224 3348 ¹

678 3405 754 3484 que
774 3376 850 3456 fine
871 3379 986 3459 feodo
1005 3381 1069 3457 seu
1089 3379 1249 3486 regardo
1270 3380 1332 3457 seu
1352 3380 1483 3485 aliquo
1512 3377 1587 3456 alio
1617 3376 1664 3454 ab
1694 3378 1780 3485 ipfis
1812 3377 2003 3484 capiendo
2030 3375 2095 3453 seu

678 3501 805 3578 dando
837 3500 905 3579 sub
933 3529 1033 3609 pena
1060 3502 1197 3579 decem
1225 3501 1414 3578 librarum
1443 3501 1556 3579 nobis
1584 3497 1917 3578 sorissasturarum
1950 3515 1994 3575 ut
2023 3497 2095 3604 ipsr

678 3623 939 3701 Cancellarius
970 3622 1260 3702 Commissarius
1291 3623 1354 3700 seu
1380 3623 1460 3726 ejus
1487 3623 1694 3728 deputatus
1715 3639 1781 3700 aut
1800 3618 2006 3724 Justiciarii
2025 3645 2095 3725 per

676 3742 826 3821 dictum
846 3746 1131 3824 Cancellarium
1151 3746 1191 3822 in
1208 3744 1333 3821 forma
1351 3744 1523 3850 predicta
1538 3743 1749 3846 affignandi
1765 3741 1988 3844 hujusmodi
2003 3767 2099 3849 pet-v

677 3863 784 3941 sonas
804 3868 993 3973 predistas
1020 3869 1070 3948 src
1093 3884 1223 3974 captas
1253 3884 1292 3942 et
1321 3865 1572 3943 incarceratus
1596 3863 1713 3967 juxta
1742 3887 1878 3938 eorum
1909 3839 2096 3940 demeritb

676 4004 715 4062 et
735 3987 946 4068 secundum
965 3991 1093 4096 legem
1115 4008 1215 4066 terre
1234 3984 1359 4064 nostre
1380 4003 1445 4063 aut
1462 3983 1675 4064 secundum
1694 3981 1833 4061 statuta
1861 4001 1900 4061 et
1928 3982 2091 4060 consue-

592 4154 601 4175 ·
674 4109 827 4187 tudines
847 4111 949 4189 diste
968 4111 1236 4190 Universrtatis
1257 4107 1383 4187 nostre
1403 4108 1567 4215 puniant
1583 4123 1622 4184 et
1638 4105 1825 4213 castigent
1935 4104 2093 4182 Votu-

676 4255 767 4307 Mus
789 4232 942 4338 insuper
960 4252 1000 4310 et
1017 4261 1086 4342 per
1105 4233 1297 4340 presentes
1311 4229 1562 4309 concedimus
1575 4227 1816 4306 Cancellario
1833 4245 1871 4304 et
1886 4224 2096 4303 scolaribus

675 4352 776 4430 diste
790 4355 1042 4432 universrtatis
1058 4375 1097 4433 et
1113 4351 1383 4433 successoribus
1398 4352 1473 4430 suis
1488 4350 1593 4459 quod
1606 4375 1743 4428 omnes
1760 4348 2096 4428 scolaresmeorum

677 4475 880 4552 servientes
912 4494 950 4554 et
982 4477 1147 4555 ministri
1177 4503 1269 4553 cum
1295 4500 1432 4566 eorum
1453 4473 1611 4551 familiis
1630 4499 1675 4550 ac
1694 4497 1830 4550 omnes
1847 4469 1919 4547 alie
1938 4469 2096 4576 persone

676 4597 917 4705 privilegiate
950 4596 1096 4678 saciant
1129 4597 1192 4677 seu
1225 4597 1351 4675 facere
1379 4591 1535 4704 possu'nt
1565 4613 1604 4671 et
1632 4593 1801 4701 quilibet
1823 4619 1960 4672 eorum
1978 4588 2098 4670 saciat

1052 4832 1302 4895 VARIAE
1343 4830 1733 4894 LEC'l'IONES.

712 4994 720 5033 ¹
740 4999 805 5071 deest
818 5010 856 5057 et.
878 4997 919 5056 H.
935 4999 986 5058 sol.
1000 5001 1067 5074 184.
1453 4993 1462 5032 ¹
1482 4994 1672 5072 procintlurn.
1693 4993 1802 5053 H.f01.
1819 4997 1886 5072 184.

710 5074 726 5112 ¹
746 5080 811 5154 deest
821 5079 959 5157 preditle.
981 5079 1023 5141 H.
1039 5080 1089 5139 sol.
1107 5079 1174 5154 184.
1448 5083 1468 5114 ¹²
1488 5089 1527 5135 et.
1559 5073 1603 5133 H.
1622 5073 1673 5134 sol.
1693 5076 1761 5156 ¹⁸5·
