5118 6544
1128 614 1637 706 CARTA

672 809 1112 892 fidelibussuissalutem
1209 814 2100 929 lusvsxmruscartamcorfirmacionisquam

673 961 798 1040 nuper
815 935 898 1013 fieri
921 935 1087 1014 fecimus
1105 939 1143 1014 in
1163 934 1237 1015 hec
1258 939 1373 1014 verba
1475 940 1746 1016 EownRous
1769 940 1848 1019 Dei
1863 944 1993 1048 gracia
2011 945 2101 1023 Rex

673 1058 819 1162 Anglie
858 1059 1055 1136 Dominus
1094 1060 1288 1137 Hibernie
1332 1080 1371 1138 et
1405 1059 1502 1136 Dux
1535 1063 1749 1166 Aquitanie
1786 1063 2099 1173 Archiepiscopis

671 1176 875 1285 Episcopis
901 1181 1124 1259 Abbatibus
1159 1181 1356 1259 Prioribus
1384 1183 1607 1260 Comitibus
1636 1184 1851 1262 Batonibus
1870 1184 2099 1289 Justiciariis

671 1297 983 1381 Vicecomitibus
1005 1303 1210 1411 Preposrtis
1230 1304 1422 1383 Ministris
1455 1323 1494 1381 et
1518 1304 1702 1382 omnibus
1723 1305 1881 1384 Ballivis
1911 1326 1951 1384 et
1970 1307 2098 1387 fideli·

673 1419 744 1498 bus
765 1423 839 1500 suis
855 1424 1017 1504 salutem
1127 1428 1417 1504 Iusnaxnuus
1445 1425 1574 1504 literas
1593 1445 1769 1533 patentes
1784 1426 2098 1511 confirmacionis

522 1549 605 1609 Edu.
620 1549 657 1608 11-
672 1544 823 1623 domini
844 1547 1029 1626 Edwardi
1059 1575 1183 1656 nuper
1202 1548 1322 1654 Regis
1342 1547 1487 1653 Anglie
1509 1550 1634 1628 Patris
1666 1550 1784 1626 nostri
1815 1550 1855 1627 in
1887 1548 1963 1628 hec
1983 1545 2100 1631 verba

672 1667 942 1746 Eownnous
973 1670 1052 1747 Dei
1078 1673 1206 1776 gracia
1226 1669 1314 1746 Rex
1333 1669 1698 1774 Anglie'Dominus
1722 1670 1918 1751 Hibernie
1944 1691 1985 1750 et
2004 1673 2100 1752 Dux

671 1789 884 1894 Aquitanie
906 1791 1105 1870 Omnibus
1125 1792 1173 1870 ad
1193 1817 1291 1897 quos
1312 1792 1505 1897 presentes
1524 1793 1637 1871 litere
1664 1795 1910 1900 pervenerint
1935 1795 2099 1874 salutem

508 1924 588 1985 Heu.
603 1925 656 1984 111.
671 1913 959 1991 Iusrnxrmus
988 1913 1117 1993 literas
1147 1931 1322 2021 patentes
1350 1941 1446 2020 quas
1475 1913 1659 1993 dominus
1678 1916 1877 1993 Henricus
1897 1917 2100 2023 quondam

669 2033 756 2112 Rex
776 2035 921 2142 Anglie
940 2039 1050 2114 Avus
1077 2035 1204 2114 noster
1233 2033 1327 2114 fecit
1355 2037 1599 2115 Cancellario
1627 2053 1666 2114 et
1687 2037 1939 2116 Univerfitati
1963 2038 2099 2120 Oxon.

538 2165 571 2268 ᾗ.
594 2188 632 2244 2,
669 2157 710 2233 in
744 2154 817 2233 hec
842 2159 958 2236 verba
1073 2159 1322 2237 Hannrcus
1357 2158 1435 2235 Dei
1466 2161 1596 2265 gracia
1626 2159 1716 2236 Rex
1734 2159 1881 2266 Anglie
1900 2160 2099 2240 Dominus

672 2277 867 2357 Hibernie
887 2281 983 2359 Dux
1001 2279 1249 2360 Normannie
1269 2282 1483 2386 Aquitanie
1511 2298 1550 2359 et
1566 2283 1710 2359 Comes
1737 2284 1966 2387 Andegavie
1993 2283 2099 2361 Om-

671 2401 787 2478 nibus
801 2402 848 2478 ad
862 2429 958 2508 quos
973 2403 1164 2510 presentes
1180 2403 1291 2481 litere
1306 2404 1551 2509 pervenerint
1564 2402 1726 2482 salutem
1825 2402 2096 2483 Novanms

669 2550 740 2601 nos
769 2552 839 2632 pro
859 2528 990 2631 quiete
1010 2525 1279 2604 Univerfitatis
1305 2523 1552 2604 studencium
1573 2526 1692 2605 Onon
1720 2524 1768 2603 de
1788 2524 1943 2632 speciali
1970 2524 2101 2632 gracia

671 2646 797 2724 nostra
816 2648 1031 2726 concessisse
1047 2648 1291 2728 Cancellario
1310 2666 1348 2724 et
1368 2649 1619 2726 Univerfitati
1638 2649 1810 2754 predisle
1830 2649 1935 2755 quod
1958 2676 2099 2754 quam-

671 2769 738 2845 diu
759 2770 871 2846 nobis
901 2771 1088 2878 placuerit
1114 2773 1154 2850 in
1183 2772 1302 2849 causis
1322 2769 1555 2848 clericorum
1575 2797 1624 2847 ex
1642 2773 1791 2848 mutuis
1812 2771 1910 2848 datis
1940 2789 2006 2850 aut
2035 2797 2098 2848 re-

671 2893 794 2998 ceptis
816 2911 880 2969 aut
901 2894 1168 2973 taxacionibus
1189 2893 1254 2970 seu
1273 2893 1538 2971 locacionibus
1558 2894 1768 2970 domorum
1786 2912 1851 2970 aut
1870 2894 1979 2997 equis
2000 2919 2099 2971 con·

671 3013 796 3091 ductis
818 3016 983 3093 venditis
1008 3016 1070 3092 seu
1099 3014 1360 3095 commodatis
1389 3013 1451 3091 seu
1483 3015 1622 3121 pannis
1651 3033 1691 3091 et
1711 3014 1942 3094 victualibus
1969 3032 2101 3094 ortum

670 3134 906 3214 habentibus
936 3139 999 3214 seu
1020 3138 1104 3215 aliis
1126 3135 1361 3245 quibussibet
1382 3161 1512 3213 rerum
1538 3136 1750 3212 mobilium
1771 3136 2035 3215 contradibus
2060 3138 2101 3215 in

670 3260 889 3365 municipio
919 3279 984 3336 aut
1004 3259 1188 3338 suburbio
1210 3260 1328 3336 Oxon
1355 3255 1466 3336 fastis
1488 3257 1614 3336 nostra
1634 3255 1854 3365 prohibicio
1874 3286 1952 3336 non
1972 3274 2101 3338 currat

671 3381 726 3458 set
756 3378 979 3486 hujusmodi
1010 3382 1120 3459 cause
1154 3409 1283 3459 coram
1306 3381 1549 3458 Cancellario
1569 3380 1837 3458 Univerfitatis
1866 3380 1985 3456 Oxou
2020 3408 2101 3459 non

672 3502 847 3580 obstante
876 3502 1148 3610 prohibicione
1179 3504 1307 3583 nostra
1339 3504 1569 3581 decidantur
1615 3504 1662 3580 In
1693 3501 1803 3608 cujus
1835 3502 1889 3577 rei
1922 3500 2099 3579 testimo-

672 3631 785 3703 nium
818 3625 886 3703 has
917 3627 1046 3704 literas
1079 3625 1224 3705 nostras
1253 3626 1337 3705 fieri
1367 3623 1534 3704 fecimus
1565 3643 1742 3733 patentes
1771 3623 1889 3702 Teste
1919 3623 1992 3701 Me
2020 3621 2101 3730 ipso

673 3747 776 3855 apud
797 3747 954 3856 Rading
975 3750 1129 3830 decimo
1150 3751 1212 3827 die
1232 3749 1335 3827 Maii
1355 3751 1475 3828 Anno
1496 3752 1604 3858 regni
1625 3748 1743 3827 nostri
1765 3746 1946 3826 vicefimo
1966 3747 2102 3826 ottavo

534 3875 571 3978 ς.
595 3897 632 3977 3.
673 3872 963 3950 Insaaxrnrus
1003 3874 1128 3952 eciam
1163 3872 1348 3980 quasdam
1377 3873 1468 3950 alias
1499 3871 1628 3949 literas
1659 3889 1834 3979 patentes
1869 3895 1965 3975 quas
1994 3870 2100 3948 idem

512 4002 591 4060 Heu.
607 4002 658 4060 111.
674 3995 782 4072 Avus
800 3995 924 4072 noster
938 3992 1033 4075 fecit
1049 3995 1481 4104 predicteUniverfirati
1494 3995 1534 4071 in
1550 3990 1622 4070 hec
1638 3993 1754 4072 verba
1848 3993 2097 4070 Hannrcvs

672 4115 750 4194 Dei
779 4121 908 4225 gracia
937 4118 1025 4197 Rex
1046 4119 1191 4227 Anglie
1221 4137 1260 4195 et
1291 4119 1490 4196 Dominus
1518 4115 1711 4196 Hibernie
1739 4116 1834 4193 Dux
1853 4113 2101 4192 Normannie

672 4240 885 4344 Aquitanie
905 4261 943 4320 et
964 4245 1108 4321 Comes
1123 4242 1349 4348 Andegavie
1368 4238 1568 4320 Omnibus
1591 4238 1639 4316 ad
1660 4265 1757 4346 quos
1777 4236 1969 4346 presentes
1989 4237 2102 4314 litere

670 4367 916 4467 pervenerint
932 4366 1094 4444 salutem
1193 4365 1387 4443 Scrnrrs
1405 4363 1510 4469 quod
1527 4363 1575 4440 ad
1592 4362 1914 4468 tranquillitatem
1930 4378 1969 4436 et
1987 4358 2098 4437 utili·
2172 4391 2178 4408 ·

673 4501 795 4563 tatem
825 4504 905 4566 tam
934 4487 1216 4598 Magistrorum
1248 4507 1287 4565 et
1309 4486 1524 4564 Scolarium
1545 4485 1811 4563 Univerfitatis
1833 4483 1952 4560 Oxou
1981 4507 2102 4588 quarn

671 4605 927 4714 Burgensrum
943 4632 982 4690 et
1002 4615 1169 4691 aliorum
1189 4613 1229 4689 iu
1248 4611 1386 4688 eadem
1401 4609 1507 4687 Villa
1524 4609 1662 4686 domos
1684 4606 1922 4686 habencium
1941 4599 2100 4682 conces·

670 4727 788 4809 simus
819 4734 946 4812 eidem
967 4733 1217 4811 Universrtati
1247 4733 1352 4839 quod
1378 4732 1558 4810 decerero
1587 4758 1724 4810 omnes
1755 4728 1896 4807 domus
1929 4722 2103 4832 ejusdem

559 4861 565 4874 '
668 4856 878 4961 municipii
899 4859 1018 4936 Oxon
1051 4856 1311 4935 aScolaribus
1339 4853 1554 4932 inhabitate
1584 4871 1622 4931 et
1649 4850 1905 4931 inhabitande
1933 4875 1954 4925 a
1982 4849 2102 4956 quin-

669 4979 842 5079 quennio
861 4983 903 5060 in
923 4979 1242 5088 quinquennium
1258 4995 1480 5056 retaxentur
1495 4977 1710 5056 secundum
1722 4973 1928 5052 arbitrium
1949 4986 2102 5048 taxato·

668 5121 758 5177 rum
777 5101 1012 5185 clericorum
1035 5119 1074 5182 et
1094 5102 1286 5183 laicorum
1318 5127 1366 5180 ex
1387 5119 1550 5208 utraque
1581 5117 1690 5210 parte
1710 5099 1934 5208 juratorum
1963 5111 2003 5170 et
2031 5117 2102 5169 vo-

1966 5218 2100 5293 lumus
