5118 6544
1155 623 1682 720 CARTn

704 787 825 865 urbiis
855 785 1026 890 ejusdem
1056 784 1134 863 fine
1163 781 1360 861 occasione
1388 777 1448 857 vel
1474 779 1767 887 impedimento
1796 782 1915 862 nostri
1936 786 1994 864 vel
2017 783 2131 866 here-

704 908 800 986 dum
834 908 1053 985 nostrorum
1093 905 1402 1010 Justiciariorum
1440 903 1692 982 Escaetorum
1730 905 2027 988 Vicecomitum
2066 931 2133 990 aut

702 1032 867 1107 aliorum
895 1029 1134 1107 Ballivorum
1162 1027 1227 1105 seu
1253 1024 1529 1104 Ministrorum
1549 1026 1767 1105 nostrorum
1787 1055 2132 1138 quorumcumque

701 1152 879 1230 decetero
898 1152 1012 1260 plene
1032 1151 1225 1259 gaudeant
1245 1166 1284 1226 et
1311 1166 1470 1227 utantur
1495 1148 1791 1256 imperpetuum
1911 1152 2005 1232 Hiis
2024 1155 2133 1233 testi·

702 1273 773 1353 bus
803 1274 1089 1352 venerabilibus
1110 1272 1286 1380 patribus
1305 1268 1484 1373 Johanne
1503 1269 1809 1378 Archiepiscopo
1828 1272 1948 1350 Ebor’
1986 1277 2132 1380 Anglie

700 1397 873 1474 Primate
893 1397 1136 1476 Cancellario
1157 1393 1285 1473 nostro
1315 1393 1539 1470 Willielmo
1559 1394 1751 1498 Wynton'
1785 1395 1981 1503 Episcopo
2016 1397 2130 1476 The·

700 1518 864 1597 saurario
893 1519 1020 1597 nostro
1050 1517 1250 1597 Michaele
1274 1514 1468 1622 Episcopo
1489 1515 1669 1594 London’
1690 1515 1867 1594 Henrico
1886 1517 2000 1596 Duce
2020 1521 2130 1598 Lan·

699 1640 833 1718 castrie
864 1640 1086 1719 Willielmo
1113 1640 1161 1718 de
1193 1636 1334 1717 Bohun
1368 1635 1678 1744 Northampton'
1708 1636 2128 1720 Richardo‘Arundell

700 1764 858 1870 Rogero
895 1761 1039 1840 March
1075 1760 1299 1840 Comitibus
1335 1757 1516 1862 Johanne
1544 1759 1593 1836 de
1623 1757 1837 1838 Cherleton
1867 1760 2050 1842 Galfrido
2079 1766 2129 1843 de

700 1887 771 1994 Say
791 1884 973 1990 Johanne
993 1884 1040 1963 de
1062 1885 1168 1990 Grey
1190 1881 1404 1962 Senescallo
1434 1878 1600 1989 hospicii
1622 1881 1739 1960 nostri
1758 1901 1798 1960 et
1817 1882 1900 1961 aliis
1936 1885 2028 1962 Dat’
2061 1912 2131 1991 per

700 2036 865 2086 manum
886 2007 1055 2086 nostram
1075 2005 1178 2114 apud
1198 2003 1590 2083 Westmonasterium
1605 2004 1787 2082 vicefimo
1806 2004 1870 2083 die
1887 2004 2128 2086 Novembris

534 2143 567 2245 ς.
588 2165 649 2235 51·
701 2132 821 2207 Anno
853 2132 963 2235 regni
996 2127 1115 2206 nostri
1148 2126 1297 2233 Anglie
1328 2126 1521 2206 tricesimo
1553 2129 1663 2234 regni
1693 2153 1783 2205 vero
1818 2128 1937 2208 nostri
1965 2130 2131 2209 Francie

479 2247 688 2312 verbaRich.
701 2251 857 2328 decimo
897 2250 1063 2356 septimo
1182 2249 1480 2326 tisri-:xmus
1519 2250 1644 2326 eciam
1674 2248 1859 2356 quasdam
1885 2251 1976 2330 alias
2000 2251 2131 2331 literas

699 2389 874 2481 patentes
903 2371 1075 2476 ejusdem
1105 2369 1182 2447 Avi
1210 2369 1328 2446 nostri
1347 2369 1389 2445 iu
1408 2364 1483 2446 hec
1504 2368 1621 2446 verba
1741 2371 2012 2450 Enwnnous
2050 2375 2130 2453 Dei

697 2496 824 2600 gracia
856 2495 944 2572 Rex
970 2493 1116 2600 Anglie
1142 2509 1181 2569 et
1202 2491 1365 2568 Francie
1385 2508 1424 2567 et
1444 2491 1643 2568 Dominus
1664 2491 1857 2570 Hibernie
1876 2494 2060 2572 omnibus
2080 2495 2129 2572 ad

698 2643 794 2722 quos
829 2616 1021 2724 presentes
1048 2616 1160 2694 litere
1180 2613 1428 2720 pervenerint
1446 2610 1611 2691 salutem
1724 2614 2008 2697 lustramus
2032 2615 2128 2696 duas

474 2769 655 2828 Literaera.
696 2737 825 2815 literas
860 2757 1036 2844 patentes
1066 2737 1287 2815 indentatas
1318 2733 1442 2841 figillo
1470 2735 1677 2813 communi
1710 2735 1977 2816 Univerfitatis
2005 2739 2125 2818 Oxon

475 2864 567 2985 Ἓξ*
581 2850 684 2988 ¹2⁰3}
698 2886 742 2937 ac
772 2859 896 2965 srgillo
928 2862 1059 2939 dilecti
1091 2878 1129 2937 et
1158 2856 1283 2936 fidelis
1312 2856 1433 2934 nostri
1454 2854 1644 2935 Richardi
1663 2857 1884 2966 Dammory
1905 2862 2127 2942 alternatim

473 2950 628 3086 iirsigpllf
678 2975 881 3088 'appositis
916 2978 1156 3087 consignatas
1187 2980 1302 3055 unius
1332 2979 1478 3054 tenoris
1512 2996 1552 3054 et
1581 2982 1827 3058 continencie
1863 2982 2128 3088 subsequentis

473 3091 801 3230 &lfl'llllll‘flff
823 3104 1115 3182 Inosnrunn
1148 3099 1308 3180 testatur
1338 3099 1446 3207 quod
1475 3125 1570 3177 cum
1598 3100 1701 3177 inter
1720 3101 2011 3182 Cancellarium
2031 3103 2127 3182 Ma-

472 3193 833 3332 nisiiieruni-gistros
864 3244 904 3303 et
928 3223 1097 3305 Scolares
1119 3221 1388 3302 Univerfitatis
1410 3222 1529 3300 Oxon
1549 3247 1599 3299 err
1618 3248 1696 3300 una
1713 3243 1822 3331 parte
1853 3242 1893 3303 et
1916 3224 2126 3305 dominum

473 3333 675 3391 versuumn
698 3344 944 3425 Richardum
986 3346 1162 3452 Damory
1196 3344 1376 3424 Militem
1406 3343 1536 3422 filium
1574 3361 1614 3421 et
1648 3342 1834 3424 heredem
1862 3347 2014 3427 domini
2050 3348 2125 3426 Ri-

472 3409 834 3550 iiir'aiiiiciilchardi
866 3470 1043 3575 Damory
1079 3467 1226 3546 Militis
1261 3465 1439 3546 desuntti
1475 3485 1675 3545 tenentem
1713 3467 1762 3545 de
1799 3469 1977 3546 Domino
2015 3471 2127 3578 Rege

472 3569 690 3710 ssllfffflffl
701 3592 748 3669 ad
780 3589 887 3669 feodi
915 3587 1071 3669 firmam
1099 3586 1351 3669 hundredum
1378 3606 1488 3667 extra
1516 3610 1672 3696 portam
1701 3588 1897 3669 borealem
1928 3591 2047 3667 Oxon
2076 3617 2126 3668 ex

472 3730 628 3789 dredonve
699 3712 819 3790 altera
850 3711 995 3792 diversa
1026 3713 1253 3791 exacciones
1279 3729 1319 3790 et
1344 3711 1494 3791 clamea
1512 3728 1621 3787 mota
1639 3709 1795 3790 fuissent
1814 3711 1927 3820 super
1940 3710 2124 3817 jurisdic-

470 3809 812 3951 frssbssssssnff'cione
846 3833 1091 3915 libertatibus
1120 3851 1159 3913 et
1188 3834 1400 3943 privilegiis
1429 3860 1477 3912 ex
1506 3832 1688 3911 alterutra
1707 3851 1815 3940 parte
1835 3833 1999 3912 indicto
2018 3832 2125 3913 hun·

469 3967 623 4032 borealem.
696 3957 816 4036 dredo
847 3957 1023 4037 clamatis
1052 3955 1218 4037 videlicet
1244 3957 1355 4066 super
1380 3953 1458 4034 hoc
1478 3955 1584 4061 quod
1603 3956 1730 4034 didius
1749 3955 1933 4035 dominus
1954 3953 2124 4034 Richar-

693 4078 765 4156 dus
793 4079 937 4159 clamat
964 4080 1113 4159 ibidem
1141 4078 1285 4161 habere
1313 4077 1468 4158 affaiam
1495 4095 1534 4156 et
1563 4075 1710 4156 assisam
1737 4079 1849 4186 panis
1877 4079 1958 4157 vini
1976 4095 2015 4158 et
2035 4104 2121 4157 cer-

693 4200 784 4279 vifie
822 4198 943 4280 fradre
972 4200 1022 4282 de
1056 4203 1240 4283 omnibus
1271 4200 1494 4282 tenentibus
1523 4217 1563 4278 et
1593 4200 1847 4279 residentibus
1875 4198 1979 4279 infra
2014 4198 2122 4279 hun-

692 4320 860 4402 dredum
878 4323 977 4403 illud
997 4351 1041 4404 ac
1061 4325 1244 4404 emendas
1262 4326 1311 4404 de
1326 4321 1606 4432 punicionibus
1626 4340 1666 4401 et
1684 4322 1998 4402 correccionibus
2018 4322 2124 4401 diste

691 4444 796 4524 allise
830 4443 951 4526 fracte
978 4449 1248 4556 provenientes
1281 4447 1410 4527 levare
1443 4462 1483 4523 et
1518 4446 1717 4553 percipere
1747 4445 1784 4524 se
1813 4442 2049 4525 consuevisse
2077 4468 2122 4524 ac

687 4569 816 4646 eciam
830 4567 975 4648 clamat
989 4568 1133 4651 habere
1148 4570 1401 4678 cogniciones
1421 4566 1657 4676 placitorum
1678 4568 1719 4645 in
1738 4570 1857 4648 curiis
1877 4567 1952 4646 suis
1970 4566 2122 4646 ibidem

688 4689 737 4766 de
771 4691 958 4770 omnibus
991 4690 1094 4770 infra
1124 4695 1373 4799 procinctum
1401 4688 1597 4769 hundredi
1625 4688 1731 4768 illius
1760 4689 2051 4798 emergentibus
2082 4704 2124 4769 et

685 4811 734 4887 ad
766 4812 864 4890 illud
890 4813 1176 4922 pertinentibus
1207 4840 1361 4893 necnon
1388 4813 1692 4892 amerciamenta
1713 4839 1759 4891 ac
1778 4811 1853 4892 alia
1869 4810 2044 4921 proficua
2062 4811 2113 4889 de

686 4927 915 5036 hujusmodi
950 4933 1105 5042 placitis
1138 4936 1411 5044 proveniencia
1435 4934 1577 5042 absque
1609 4933 1690 5014 ullo
1721 4935 2008 5043 impedimento
2068 4931 2124 5010 Et

685 5052 801 5166 super
812 5055 1092 5164 jurisdiccione
1105 5057 1353 5141 libertatibus
1368 5075 1408 5138 et
1420 5057 1636 5169 privilegiis
1651 5083 1728 5168 que
1743 5056 1841 5138 dieti
1856 5053 2123 5261 lepdellappup

1988 5202 2049 5286 agr
2084 5197 2120 5256 rt
