5118 6544
806 621 935 714 inv.
1008 621 1236 718 unu.
1309 591 1469 713 v111.¹
1642 712 1644 723 .
1747 635 1749 640 ’
1944 653 2004 751 55

426 799 553 880 versus
582 797 737 878 eosdem
759 797 930 878 Scolares
958 795 1162 878 servientes
1193 815 1233 876 et
1262 797 1457 878 ministros
1485 797 1570 880 suos
1604 813 1670 875 aut
1701 797 1848 905 aliquas

431 920 610 1030 personas
641 921 690 1000 de
718 921 780 1000 vel
812 919 881 1000 sub
913 919 1119 1028 privilegio
1149 919 1418 1000 Universrtatis
1438 921 1610 1027 predisle
1639 938 1705 1002 aut
1725 921 1850 1000 versus

431 1044 581 1152 aliquos
600 1043 675 1122 five
695 1043 866 1152 aliquem
881 1069 1017 1124 eorum
1032 1039 1135 1122 infra
1150 1041 1285 1122 villam
1300 1041 1483 1122 suburbia
1496 1039 1700 1122 hundreda
1713 1061 1752 1122 et
1769 1043 1853 1129 Co·

431 1169 592 1246 mitatus
621 1165 815 1275 predistos
846 1164 1155 1271 infringencium
1190 1163 1254 1242 seu
1283 1161 1495 1271 infringere
1528 1166 1854 1274 attemptancium

431 1288 507 1368 five
526 1287 748 1366 volencium
768 1313 812 1368 ac
829 1285 988 1368 illarum
1005 1288 1187 1367 omnium
1201 1286 1452 1393 personarum
1468 1287 1515 1366 de
1532 1314 1609 1398 qua
1623 1287 1683 1365 vel
1701 1287 1748 1365 de
1762 1288 1852 1394 qui·
1909 1381 1919 1406 ν

431 1409 502 1488 bus
531 1409 654 1490 iidem
687 1408 858 1488 Scolares
890 1409 952 1491 vel
981 1435 1118 1492 eorum
1146 1409 1285 1516 aliquis
1315 1408 1380 1488 seu
1408 1437 1545 1488 eorum
1563 1409 1767 1488 servientes
1787 1429 1855 1488 aut

432 1531 599 1612 ministri
631 1531 706 1610 live
740 1557 875 1612 eorum
909 1529 1048 1641 aliquis
1084 1531 1120 1610 se
1149 1549 1331 1612 metuunt
1359 1531 1419 1609 vel
1450 1532 1593 1610 metuit
1621 1532 1670 1612 de
1690 1532 1767 1610 vita
1787 1549 1855 1610 aut

432 1653 686 1734 mutilacione
717 1653 987 1735 membrorum
1019 1654 1177 1734 suorum
1288 1653 1357 1732 Er
1381 1655 1485 1760 quod
1506 1653 1627 1732 iidem
1648 1653 1854 1732 Cancella·
1937 1641 1972 1744 ἕ·
1995 1664 2032 1745 3·

433 1776 512 1854 rius
521 1773 885 1858 Commissarius⁸ac
897 1776 1104 1885 deputatus
1118 1775 1199 1880 ejus
1212 1802 1284 1882 pro
1299 1791 1475 1882 tempore
1491 1775 1695 1858 existentes
1712 1793 1750 1852 et
1764 1777 1855 1882 qui·

431 1895 531 1978 libet
561 1924 699 1977 eorum
729 1915 768 1976 et
801 1895 1027 1976 successores
1060 1899 1352 2004 imperpetuum
1384 1897 1535 1976 easdem
1562 1897 1793 2004 potestatem
1817 1917 1856 1979 et

433 2019 705 2100 auctoritatem
733 2019 998 2126 predistorum
1027 2019 1242 2098 Scolarium
1269 2016 1503 2098 servientum
1524 2019 1789 2100 ministrorum
1816 2040 1855 2101 et

434 2141 598 2222 aliarum
629 2140 879 2248 personarum
910 2141 1172 2250 predislarum
1203 2161 1242 2220 et
1270 2139 1474 2246 cujussibet
1503 2169 1639 2222 eorum
1660 2145 1729 2250 qui
1748 2169 1853 2226 nunc

433 2261 524 2342 sunt
543 2282 583 2343 et
602 2262 858 2370 imposterum
881 2282 995 2343 erunt
1013 2261 1114 2344 infra
1134 2264 1269 2342 villam
1289 2263 1472 2342 suburbia
1488 2260 1691 2346 hundreda
1711 2281 1750 2342 et
1770 2266 1852 2348 Co·

433 2386 594 2464 mitatus
621 2385 816 2491 predistos
840 2382 1010 2463 habeant
1030 2401 1069 2463 et
1088 2403 1293 2466 exerceant
1311 2404 1350 2463 et
1371 2385 1538 2494 quilibet
1559 2413 1694 2469 eorum
1714 2385 1856 2470 babeat

433 2523 473 2584 et
493 2525 668 2586 exerceat
688 2507 729 2584 in
749 2504 933 2586 omnibus
953 2524 993 2584 et
1011 2533 1081 2612 per
1099 2509 1234 2590 omnia
1253 2507 1384 2616 quales
1401 2505 1549 2586 habent
1567 2508 1688 2614 aliqui
1709 2525 1748 2586 et
1762 2511 1854 2614 qui·

431 2627 814 2735 cumqueJusticiarii
825 2630 930 2734 pacis
943 2627 1069 2706 nostre
1083 2628 1391 2709 inComitatibus
1407 2629 1544 2709 nostris
1554 2629 1671 2711 Oxon
1686 2629 1855 2710 etBerks

435 2768 503 2830 aut
531 2751 574 2828 in
604 2747 735 2858 aliquo
758 2748 834 2828 alio
855 2750 1059 2830 Comitatu
1080 2752 1190 2858 regni
1209 2750 1328 2831 nostri
1347 2751 1493 2859 Anglie
1512 2751 1560 2830 de
1580 2770 1619 2831 et
1638 2753 1751 2860 super
1770 2751 1855 2834 aliis

432 2872 596 2952 subditis
627 2870 762 2951 nostris
792 2898 835 2950 ac
855 2873 990 2952 omnia
1009 2899 1086 2978 que
1105 2873 1150 2950 ad
1172 2871 1437 2976 Justiciarium
1457 2873 1562 2980 pacis
1583 2873 1710 2956 nostre
1730 2876 1854 2981 perti·

433 3013 530 3074 nent
559 2993 662 3076 insta
683 2983 861 3072 hdislam
881 2993 1015 3070 villam
1042 2991 1224 3072 suburbia
1242 2988 1445 3072 hundreda
1464 3011 1503 3071 et
1522 2995 1744 3075 Comitatus
1763 3021 1855 3104 pre·

432 3115 558 3194 diuos
567 3114 689 3192 iidem
698 3113 961 3192 Cancellarius
973 3105 1332 3196 Commiffariusiac
1343 3115 1551 3222 deputatus
1564 3116 1646 3221 ejus
1661 3141 1732 3224 pro
1748 3135 1854 3200 tem·

433 3264 527 3348 pore
547 3235 752 3316 existentes
773 3251 1015 3342 exequentur
1032 3253 1073 3313 et
1092 3234 1238 3316 facient
1256 3253 1296 3314 et
1317 3237 1484 3344 quilibet
1503 3263 1639 3318 eorum
1669 3237 1786 3320 saciet
1814 3257 1855 3318 et

432 3377 649 3466 exequetur
668 3359 960 3466 imperpetuum
980 3355 1181 3438 mahemio
1200 3356 1405 3439 et'selonia
1422 3361 1697 3444 tantummodo
1709 3387 1854 3468 excep-

432 3484 484 3564 tis
504 3507 577 3562 nec
596 3507 675 3560 non
696 3480 744 3558 ad
763 3481 896 3560 omnia
915 3478 989 3558 alia
1007 3481 1274 3561 ordinaciones
1293 3499 1333 3558 et
1359 3481 1501 3561 statuta
1527 3481 1630 3562 faeta
1659 3505 1699 3562 et
1726 3483 1855 3562 fienda

431 3631 504 3712 pro
522 3601 816 3682 conservacione
835 3617 874 3680 et
893 3600 999 3680 bono
1020 3602 1211 3709 regimine
1231 3603 1337 3710 pacis
1357 3603 1484 3683 nostre
1503 3601 1694 3688 heredum
1709 3624 1748 3684 et
1767 3604 1854 3684 suc·

431 3725 621 3807 celsorum
640 3723 860 3802 nostrorum
881 3749 925 3801 ac
942 3724 1075 3829 quieto
1095 3724 1286 3832 regimine
1299 3744 1339 3805 et
1354 3726 1642 3834 gubernacione
1658 3727 1855 3808 dierorum

433 3849 638 3928 scolarium
664 3844 899 3925 servientum
921 3844 1190 3926 ministrorum
1203 3848 1424 3929 acaliarum
1436 3849 1686 3956 personarum
1699 3850 1854 3960 predic·

432 3989 562 4050 tarum
578 3968 812 4075 inquirenda
831 3968 1022 4048 audienda
1042 3969 1287 4050 terminanda
1301 3968 1480 4052 facienda
1494 3989 1534 4051 et
1547 3969 1854 4083 exequendafe·
1904 4073 1907 4080 ἢ

431 4093 537 4172 lonia
561 4109 600 4169 et
620 4087 819 4170 mahemio
836 4107 880 4168 ut
898 4087 1093 4196 prefertur
1113 4093 1389 4174 tantummodo
1406 4096 1580 4200 exceptis
1691 4096 1745 4174 Et
1768 4120 1852 4174 vr.-
1907 4088 1945 4193 §·
1965 4111 2008 4194 4·

434 4237 609 4294 usurus
631 4239 701 4319 per
718 4211 910 4320 presentes
929 4213 1181 4292 concedimus
1201 4213 1346 4296 eisdem
1366 4215 1609 4296 Cancellario
1627 4234 1668 4296 et
1686 4217 1853 4296 Scolari-

431 4336 503 4420 bus
521 4335 625 4416 diste
641 4334 909 4416 Univertitatis
925 4334 1044 4414 Oxon
1061 4336 1168 4442 quod
1183 4335 1290 4416 idem
1307 4337 1571 4418 Cancellarius
1585 4356 1852 4449 protempore

429 4457 595 4538 existens
615 4475 655 4536 et
674 4455 900 4536 successores
920 4457 978 4536 sui
995 4484 1066 4565 per
1080 4457 1210 4547 literas
1228 4457 1312 4538 suas
1332 4458 1457 4570 figillo
1476 4461 1597 4541 officii
1627 4461 1683 4540 sui
1709 4461 1852 4573 sigilla-

430 4597 487 4661 tas
507 4578 690 4690 affignarc
710 4579 942 4660 constituere
963 4596 1003 4659 et
1022 4579 1149 4662 facere
1167 4580 1627 4692 poffintjmperpetuum
1656 4580 1856 4662 Senescal·

855 4819 1061 4880 VARIAE
1101 4819 1435 4882 LECTIONES

468 4961 483 5001 Ι
502 4967 561 5012 aut.
577 4951 618 5010 H.
634 4951 684 5011 sol.
698 4958 764 5014 180.
1230 4955 1239 4994 ¹
1260 4969 1318 5016 aut.
1335 4956 1440 5018 H.f01.
1460 4961 1529 5016 180.

464 5047 480 5086 ⁵
499 5051 565 5124 deest
578 5047 693 5110 (lislam.
707 5051 749 5111 H.
766 5051 815 5112 fol.
839 5055 905 5113 180.
