5118 6544
894 593 1456 690 rnnmrn
1977 619 2036 720 η

464 802 579 885 dium
598 817 639 883 et
657 802 801 910 quibus
821 796 997 878 articulis
1016 815 1134 907 prout
1153 813 1261 906 patet
1279 794 1443 876 inferius
1472 794 1616 903 cuique
1647 797 1890 908 singulariter

462 954 534 1036 per
545 925 672 1034 ipsum
688 925 899 1004 dominum
907 925 1062 1030 Regem
1075 937 1115 1000 et
1134 920 1339 999 confilium
1354 919 1466 1000 sunm
1485 920 1540 999 est
1556 919 1778 1030 responsum
1794 948 1886 1030 per·

460 1067 582 1156 petuo
600 1046 832 1126 duraturum
944 1048 1168 1125 Inrnrmis
1191 1043 1260 1121 ubi
1281 1045 1445 1150 predicti
1465 1043 1598 1149 Major
1616 1061 1656 1122 et
1671 1043 1886 1152 Burgenses
1899 1049 1966 1110 vide
1982 1051 2010 1128 l·
2023 1067 2055 1128 4·

459 1185 678 1276 queruntur
704 1171 924 1278 quodcum
942 1195 1012 1275 per
1029 1185 1153 1246 cartas
1172 1166 1325 1245 domini
1344 1166 1465 1274 Regis
1486 1166 1730 1245 Cancellario
1753 1185 1794 1245 et
1823 1165 1886 1245 U-

458 1290 668 1371 niverlitati
699 1294 873 1401 predicte
903 1287 1022 1370 saclas
1054 1309 1094 1369 et
1122 1286 1313 1368 concessas
1347 1309 1515 1397 quatuor
1549 1290 1809 1370 Aldermanni
1846 1310 1887 1372 et

457 1416 548 1492 octo
567 1415 779 1522 Burgenses
791 1414 913 1522 jurati
931 1413 1005 1492 lint
1032 1430 1071 1490 et
1089 1409 1259 1491 associati
1277 1411 1425 1518 Majori
1445 1432 1484 1491 et
1502 1411 1660 1493 Ballivis
1679 1412 1727 1490 ad
1745 1439 1885 1519 pacem

458 1534 611 1615 domini
641 1535 763 1646 Regis
796 1535 1072 1616 observandam
1095 1551 1135 1613 et
1158 1533 1205 1612 ad
1237 1534 1504 1615 malefactores
1524 1534 1758 1615 arrestmdos
1777 1553 1817 1614 et
1836 1534 1886 1616 de

456 1661 572 1736 noste
592 1659 841 1767 vagabundos
868 1676 908 1739 et
936 1658 1058 1737 iidem
1079 1657 1173 1736 tales
1197 1673 1334 1736 contra
1352 1684 1491 1766 pacem
1510 1658 1662 1738 domini
1681 1659 1803 1766 Regis
1822 1675 1884 1738 at-

455 1779 632 1860 tachient
659 1799 699 1862 et
724 1784 889 1862 arestent
917 1781 1114 1889 predictus
1139 1778 1404 1859 Cancellarius
1423 1807 1495 1888 pro
1515 1781 1720 1860 voluntate.
1735 1779 1801 1859 sua
1818 1806 1884 1860 eos

455 1898 553 1982 facit
572 1904 776 1986 deliberari
795 1907 850 1984 Et
865 1921 1040 2013 preterea
1058 1902 1158 2010 ipsos
1177 1902 1466 1981 Aldermannos
1487 1922 1527 1982 et
1546 1904 1714 1982 Ballivos
1733 1920 1772 1980 et
1788 1901 1883 1982 alios

455 2023 724 2132 quoscumque
753 2053 892 2107 manus
919 2026 1140 2132 injicientes
1165 2025 1207 2103 in
1232 2021 1458 2129 hujusmodi
1487 2022 1754 2106 malefactores
1773 2025 1886 2105 citari

454 2143 552 2224 sacit
579 2174 713 2227 coram
741 2176 788 2229 eo
816 2152 871 2229 ita
898 2148 1006 2257 quod
1042 2173 1112 2255 per
1140 2146 1376 2227 sentenciam
1403 2148 1465 2226 vel
1494 2146 1887 2255 imprisonamentum

454 2266 557 2374 ipsos
578 2270 744 2349 redimat
763 2298 837 2379 pro
859 2271 923 2350 sua
949 2269 1149 2350 voluntate
1205 2272 1275 2346 An
1297 2294 1419 2375 quem
1434 2270 1645 2350 articulum
1664 2295 1733 2376 per
1751 2266 1886 2348 domi·

452 2415 553 2468 num
571 2391 725 2498 Regem
744 2391 798 2470 est
817 2392 1041 2500 responsum
1061 2390 1181 2493 Qod
1196 2391 1304 2471 idem
1318 2389 1500 2472 dominus
1520 2394 1609 2472 Rex
1628 2391 1713 2470 vult
1731 2409 1771 2469 et
1785 2419 1884 2472 con-

452 2512 559 2591 cedit
588 2513 696 2620 quod
724 2515 990 2594 Cancellarius
1019 2513 1287 2595 Univerfitatis
1315 2514 1489 2620 predicte
1514 2517 1584 2620 qui
1613 2541 1685 2621 pro
1705 2532 1885 2624 tempore

452 2632 573 2713 fuerit
601 2633 742 2718 habeat
769 2639 1018 2744 cogniciones
1047 2661 1387 2744 quarumcumque
1414 2635 1755 2745 transgreffionum
1782 2633 1884 2716 infra

451 2757 669 2865 predictam
699 2759 849 2840 Villam
880 2758 1073 2840 factarum
1103 2759 1173 2838 ubi
1198 2757 1362 2837 clericus
1380 2755 1500 2838 fuerit
1517 2787 1592 2838 una
1611 2761 1790 2869 parcium
1810 2786 1882 2840 ex-

451 2882 576 2987 ceptis
603 2881 756 2988 placitis
776 2882 824 2960 de
844 2889 998 2962 morte²
1022 2879 1196 2958 hominis
1219 2897 1259 2957 et
1279 2879 1328 2957 de
1347 2877 1547 2960 mahemio
1587 2883 1642 2961 Et
1670 2883 1754 2960 vult
1774 2881 1881 2986 quod

450 3001 499 3080 de
518 3002 675 3081 Ballivis
694 3002 811 3109 ipfius
831 3003 984 3080 domini
1004 3002 1126 3103 Regis
1146 2999 1351 3104 cognoscat
1370 3003 1440 3104 qui
1460 3001 1571 3076 aliter
1599 3001 1637 3076 se
1663 3019 1806 3106 gerunt
1836 3004 1879 3080 in

449 3120 581 3201 officio
600 3120 667 3200 sno
686 3147 806 3228 quam
825 3118 953 3198 facere
972 3119 1115 3198 debent
1152 3119 1207 3196 Et
1234 3119 1260 3196 fi
1290 3117 1413 3196 iidem
1442 3119 1582 3199 Ballivi
1607 3147 1677 3228 per
1708 3122 1878 3201 Cancel-

447 3242 592 3322 larium
621 3243 658 3321 se
689 3241 861 3322 senciant
885 3257 1062 3349 gravatos
1091 3243 1248 3320 veniant
1273 3241 1321 3319 ad
1348 3241 1499 3320 curiam
1518 3243 1640 3348 Regis
1660 3262 1700 3322 et
1726 3243 1878 3325 ibidem

442 3365 642 3472 justiciam
673 3362 877 3443 habebunt
919 3365 972 3441 Et
996 3362 1074 3443 hoc
1100 3363 1283 3443 concedit
1309 3363 1493 3442 dominus
1518 3364 1607 3445 Rex
1626 3365 1879 3448 Univerfitati

447 3489 622 3597 predicte
651 3511 724 3593 pro
757 3485 959 3565 voluntate
986 3485 1078 3564 sua’
1194 3487 1264 3565 An
1296 3482 1375 3563 hoc
1408 3486 1534 3566 eciam
1571 3487 1678 3594 quod
1711 3489 1878 3596 predicti
1894 3483 1932 3587 ἓ.
1955 3483 2021 3566 28.

447 3607 661 3718 Burgenses
692 3625 912 3715 queruntur
930 3609 1038 3717 quod
1066 3633 1159 3686 cum
1178 3608 1220 3687 in
1239 3625 1344 3686 carta
1362 3607 1515 3687 domini
1534 3609 1656 3717 Regis
1675 3613 1877 3690 continea-
1891 3592 1960 3652 vide
1974 3598 2001 3670 l·
2019 3592 2050 3654 ⁶·

448 3750 514 3812 tur
544 3730 652 3839 qnod
675 3757 755 3810 non
775 3731 891 3810 liceat
910 3730 1105 3838 aliquibus
1126 3729 1407 3838 Regratoribus
1426 3730 1558 3837 aliqua
1574 3732 1757 3811 victualia
1775 3732 1878 3814 infra

448 3854 584 3935 villam
616 3855 737 3933 Oxon
766 3852 826 3932 vel
851 3871 961 3933 extra
991 3853 1038 3934 ad
1066 3853 1232 3932 eandem
1251 3852 1401 3932 Villam
1420 3855 1620 3934 veniencia
1638 3881 1768 3934 emere
1787 3873 1876 3936 ante

445 3973 585 4058 horam
619 4002 765 4055 nonam
787 3975 873 4056 etsr
903 3975 1069 4056 fecerint
1096 3976 1202 4083 quod
1231 3976 1413 4056 victualia
1433 3974 1483 4054 fic
1510 3992 1644 4085 empta
1663 3977 1736 4057 sint
1755 3977 1873 4058 foris·

444 4096 548 4180 faeta
565 4118 605 4179 et
620 4097 750 4178 amiffa
769 4099 965 4207 predictus
979 4098 1242 4180 Cancellarius
1260 4095 1549 4178 forisfacturam
1563 4097 1673 4178 illam
1686 4118 1725 4178 et
1743 4127 1873 4180 amer-

446 4225 641 4302 ciamenta
669 4221 760 4300 inde
779 4222 1053 4329 proveniencia
1081 4220 1152 4299 fibi
1176 4221 1399 4329 appropriat
1424 4237 1463 4300 et
1484 4218 1642 4330 usurpat
1665 4221 1779 4330 super
1796 4223 1871 4302 do·

445 4347 601 4426 minum
621 4345 776 4452 Regem
800 4363 840 4423 et
867 4343 1036 4424 Ballivos
1056 4343 1141 4422 suos
1161 4343 1209 4422 ad
1224 4370 1340 4450 grave
1357 4343 1576 4452 dampnum
1599 4362 1640 4422 et
1659 4343 1872 4426 deteriora-

445 4471 602 4548 cionem
630 4465 743 4546 firme
769 4467 834 4546 sue
862 4465 954 4546 ville
973 4468 1021 4547 de
1049 4465 1168 4546 Oxon
1231 4467 1301 4545 An
1324 4466 1430 4572 quod
1457 4464 1653 4574 respondit
1687 4467 1871 4547 dominus

446 4591 534 4674 Rex
561 4608 601 4673 et
628 4589 714 4670 vult
746 4587 866 4695 Qod
895 4587 1160 4670 Cancellarius
1180 4604 1220 4668 et
1240 4587 1373 4693 Major
1388 4589 1429 4666 in
1450 4587 1543 4668 villa
1564 4589 1683 4668 Oxon
1703 4606 1742 4670 et
1762 4590 1870 4668 Can-

868 4827 1074 4892 VARIAE
1115 4827 1450 4888 LECTIONES

482 4964 499 4998 ³
512 4961 724 5036 dusthominis.
746 4964 787 5026 H.
806 4961 858 5026 fol.
877 4982 925 5046 ις.
1163 5051 1198 5129 c
1221 4968 1305 5024 ’3¹0·
1329 4963 1372 5027 H·
1385 4963 1437 5024 f01·
1453 4982 1500 5043 ¹5·
1739 5045 1767 5126 ll
1814 5044 1821 5062 .

1691 5073 1736 5126 ce
1769 5072 1871 5125 allus
