5118 6544
563 640 628 759 46

1166 633 1694 727 CARTA.

718 805 901 884 omnibus
929 804 1011 883 aliis
1045 807 1214 884 articulis
1247 807 1394 883 itineris
1423 832 1498 912 que
1528 823 1713 913 poterunt
1731 803 1866 882 cadere
1885 803 1925 884 in
1946 803 2067 884 finem
2086 809 2146 887 vel

721 929 1039 1033 redempcionem
1075 930 1139 1006 seu
1175 931 1214 1004 in
1248 927 1364 1005 aliam
1395 956 1537 1034 penam
1567 929 1834 1036 pecuniariam
1868 954 1911 1004 ac
1939 928 2022 1007 aliis
2049 958 2146 1008 cou-

721 1050 905 1128 tratribus
927 1051 1078 1156 placitis
1099 1069 1137 1127 et
1158 1049 1321 1155 querelis
1342 1049 1604 1156 personalibus
1625 1070 1664 1129 et
1684 1052 1767 1128 aliis
1788 1050 1906 1127 caufis
1920 1069 1958 1128 et
1976 1055 2146 1130 materiis

720 1172 1032 1279 quibuscumque
1067 1199 1317 1279 quocumque
1351 1177 1509 1251 nomine
1537 1175 1762 1251 censeantur
1783 1171 1846 1249 seu
1867 1174 2011 1251 censeri
2031 1193 2146 1283 pote-

722 1313 813 1371 runt
845 1294 936 1371 licet
968 1313 1127 1400 tangant
1156 1321 1225 1371 nos
1255 1294 1315 1370 vel
1343 1291 1503 1372 heredes
1533 1297 1678 1375 nostros
1701 1295 1764 1372 seu
1783 1293 1978 1372 ministros
1998 1298 2145 1375 nostros

722 1418 987 1522 quoscumque
1008 1415 1153 1493 felonia
1172 1435 1210 1492 et
1229 1416 1428 1493 mahemio
1450 1445 1492 1494 ac
1513 1418 1623 1497 affrfis
1644 1437 1681 1496 et
1702 1416 1855 1524 placitis
1879 1416 2063 1495 delibero
2084 1437 2145 1497 te·

718 1557 903 1616 nemento
920 1538 1124 1616 dumtaxat
1141 1541 1312 1646 exceptis
1330 1537 1430 1614 infra
1446 1540 1590 1618 dislam
1611 1542 1744 1618 villam
1760 1539 1880 1616 Oxou
1901 1566 1944 1616 ac
1964 1539 2145 1616 suburbia

717 1678 757 1736 et
776 1662 1023 1766 procindtum
1043 1661 1216 1767 predicta
1240 1660 1578 1768 qualitercumque
1611 1663 1900 1769 emergentibus
1930 1659 2040 1739 saetis
2071 1661 2145 1739 sive

718 1783 948 1888 perpetratis
981 1800 1048 1860 aut
1079 1782 1267 1859 faciendis
1296 1782 1369 1859 five
1400 1785 1664 1890 perpetrandis
1691 1805 1773 1861 tam
1793 1810 1841 1859 ex
1861 1783 1990 1861 officio
2011 1784 2074 1861 seu
2096 1784 2143 1860 ad

719 1903 861 1981 seuam
881 1902 1051 1982 nostram
1071 1922 1110 1981 et
1129 1902 1320 1982 heredum
1340 1905 1558 1983 nostrorum
1579 1933 1697 2012 quam
1717 1905 1763 1982 ad
1785 1904 1925 1980 sestam
1946 1908 2063 2011 partis
2081 1903 2141 1981 vel

720 2025 796 2102 alio
825 2029 943 2104 modo
972 2053 1224 2132 quocumque
1255 2026 1323 2103 ubi
1353 2028 1544 2133 Magister
1571 2028 1631 2106 vel
1654 2028 1823 2106 Scolares
1854 2025 1916 2103 seu
1939 2025 2143 2104 servientes

716 2147 987 2252 magistrorum
1016 2165 1054 2225 et
1084 2147 1286 2226 scolarium
1317 2149 1375 2226 vel
1407 2151 1535 2255 aliqua
1570 2151 1643 2228 alia
1669 2149 1925 2256 personaque
1947 2148 2143 2254 aliquibus

719 2267 1012 2373 privilegiorum
1024 2267 1084 2344 vel
1097 2267 1321 2345 libertatum
1334 2270 1434 2346 diste
1446 2273 1711 2349 Universrtatis
1725 2271 1891 2376 gaudere
1901 2270 2037 2347 debeat
2047 2295 2145 2376 quos

714 2389 1173 2494 predislusCancellarius
1187 2391 1243 2467 vel
1259 2389 1483 2476 successores
1498 2392 1551 2468 sui
1571 2412 1637 2469 aut
1656 2417 1790 2468 eorum
1806 2391 2054 2468 commissarii
2069 2393 2143 2467 sive

715 2510 1026 2587 locumtenentes
1046 2538 1115 2616 pro
1133 2511 1273 2588 talibus
1289 2514 1551 2620 calumpniare
1567 2513 1731 2591 voluerit
1747 2510 1869 2590 estvel
1882 2514 1954 2589 erit
1968 2538 2143 2618 unapar-

715 2634 821 2708 cium
835 2659 902 2739 per
914 2632 1071 2710 scolares
1087 2651 1125 2711 et
1138 2633 1251 2710 laicas
1267 2651 1402 2741 gentes
1415 2635 1585 2740 ejusdem
1601 2634 1689 2713 ville
1699 2637 1817 2711 Oxon
1831 2652 1869 2708 et
1881 2660 1950 2739 per
1966 2632 2061 2710 alios
2076 2634 2142 2710 in-

718 2755 876 2859 quirant
900 2773 938 2833 et
965 2755 1159 2860 inquirere
1179 2755 1319 2861 poffint
1340 2774 1377 2833 et
1397 2758 1555 2863 plenam
1574 2758 1847 2864 cognicionem
1867 2775 1906 2832 et
1926 2758 2142 2833 correccio-

717 2901 811 2952 nem
843 2876 933 2952 inde
959 2876 1126 2953 habeant
1146 2896 1183 2953 et
1203 2875 1426 2981 hujusmodi
1447 2878 1588 2984 placita
1609 2879 1783 2984 querelas
1803 2877 1931 2955 causas
1951 2896 1990 2955 et
2014 2897 2141 2955 mate·

716 2997 789 3074 rias
811 3015 968 3074 teneant
1001 2999 1040 3073 in
1062 3023 1313 3103 quocumque
1343 2997 1430 3074 loco
1459 2998 1561 3075 infra
1589 2999 1732 3076 distem
1761 2998 1898 3076 villam
1928 3001 2046 3075 Oxou
2075 3017 2143 3077 aut

715 3118 896 3196 suburbia
928 3119 986 3196 vel
1016 3121 1262 3226 procludum
1294 3118 1465 3223 ejusdem
1494 3121 1548 3196 eis
1581 3120 1771 3226 placuerit
1801 3135 1839 3195 et
1859 3120 2139 3200 execuiconem

714 3242 805 3318 inde
825 3242 1036 3319 secundum
1057 3269 1193 3318 eorum
1213 3241 1316 3347 leges
1337 3261 1376 3319 et
1395 3241 1690 3320 consuetudines
1707 3241 1764 3318 vel
1783 3241 1996 3318 secundum
2012 3243 2141 3348 legem

714 3363 824 3469 regni
854 3364 969 3442 nostri
999 3363 1143 3470 Anglie
1165 3364 1212 3440 ad
1233 3362 1473 3441 voluntatem
1495 3365 1659 3470 predicti
1681 3362 1911 3440 Cancellarii
1932 3384 1971 3441 et
1990 3363 2137 3441 sueces-

714 3484 841 3563 sorum
871 3485 1026 3563 suorum
1057 3484 1416 3563 Commiffariorum
1452 3504 1490 3563 et
1518 3486 1879 3564 locumtenencium
1900 3483 2057 3561 suorum
2077 3485 2138 3562 sa·

713 3611 817 3684 ciant
832 3635 874 3683 ac
887 3635 1021 3685 omnes
1035 3627 1073 3686 et
1090 3608 1256 3714 fingulos
1274 3608 1451 3684 materias
1472 3609 1646 3712 querelas
1662 3608 1788 3686 causas
1808 3623 1846 3684 et
1863 3605 2043 3682 articulos
2059 3605 2138 3684 hu-

525 3733 560 3834 ᾗ.
572 3754 634 3836 94.
706 3729 877 3833 jusmodi
890 3731 1060 3836 exceptis
1069 3730 1309 3839 preexceptis
1320 3730 1476 3806 audiant
1491 3748 1528 3806 et
1542 3730 1754 3806 terminent
1836 3730 1896 3803 Ac
1911 3729 2139 3806 omnimoda

522 4143 556 4245 s·
580 4165 645 4247 95·

710 3853 1007 3929 amerciamenta
1022 3857 1147 3931 exitus
1164 3872 1202 3929 et
1223 3849 1393 3958 proficua
1413 3852 1503 3928 inde
1524 3850 1795 3958 proveniencia
1814 3848 1861 3926 ad
1881 3850 2139 3928 commodum

711 3993 749 4050 et
783 3973 992 4052 utilitatem
1024 3976 1149 4051 tocius
1172 3974 1439 4051 Univerfitatis
1460 3975 1632 4082 prediste
1653 3971 1820 4050 habeant
1840 3970 1969 4048 levent
1988 3990 2027 4049 et
2045 3999 2136 4079 per-

712 4097 857 4201 cipiant
878 4097 993 4203 perse
1013 4117 1051 4173 et
1069 4097 1273 4202 deputatos
1294 4095 1378 4174 suos
1398 4097 1694 4204 imperpetuum
1807 4095 1899 4171 ITA
1917 4095 2022 4200 quod
2043 4094 2135 4172 nul·

711 4216 771 4293 lus
791 4217 1028 4318 Justiciarius
1050 4220 1097 4297 ad
1117 4219 1260 4325 placita
1278 4245 1410 4295 coram
1435 4218 1545 4298 nobis
1578 4220 1641 4296 seu
1673 4216 1880 4294 heredibus
1911 4216 2046 4332 nostris
2074 4235 2135 4294 te-

711 4339 837 4415 nenda
867 4340 1069 4445 aflignatus
1100 4341 1160 4417 vel
1189 4341 1430 4446 assignandus
1460 4340 1699 4444 Justieiarius
1720 4339 1987 4416 de'communi
2009 4337 2134 4416 banco

709 4461 947 4563 Justiciarius
968 4463 1014 4539 ad
1035 4461 1153 4539 allisas
1174 4461 1377 4570 capiendas
1396 4462 1456 4540 vel
1476 4462 1606 4571 gaolas
1625 4461 1891 4541 deliberandas
1910 4460 1972 4538 vel
1989 4459 2133 4538 Custo-

711 4582 776 4658 des
809 4586 914 4689 pacis
947 4583 1009 4660 seu
1040 4584 1279 4686 justiciarius
1313 4585 1545 4663 servientum
1574 4584 1838 4663 laboratorum
1870 4600 1908 4660 et
1939 4581 2133 4661 artificum

713 4702 776 4781 seu
798 4707 861 4782 alii
883 4704 1090 4808 Justiciarii
1111 4706 1170 4784 vel
1190 4709 1347 4811 Judices
1368 4709 1610 4814 quicumque
1631 4705 1864 4786 senescallus
1898 4704 1959 4782 vel
1981 4703 2131 4782 Mares-

714 4826 834 4905 callus
857 4829 914 4908 vel
931 4828 1093 4908 clericus
1113 4831 1274 4908 mercati
1293 4827 1456 4938 hospicii
1477 4829 1594 4911 nostri
1613 4829 1672 4909 vel
1696 4826 1886 4910 heredum
1916 4827 2135 4906 nostrorum

2013 4949 2132 5028 Vice-
