5118 6544
861 639 994 734 xiv.
1063 639 1115 733 rr
1150 639 1191 730 n
1227 637 1295 731 N.
1366 635 1500 730 vui.
1974 641 2038 768 ⁶5

471 807 739 896 utioistrorum
753 809 1018 918 predistorum
1033 809 1108 890 five
1126 809 1253 889 versus
1274 808 1447 915 aliquam
1465 803 1714 917 personarum
1733 805 1888 916 predic-

472 955 603 1018 tarum
634 935 709 1014 five
736 933 862 1013 versus
883 933 1055 1042 aliquam
1069 923 1308 1013 ‘earundem
1325 931 1451 1010 sacere
1469 931 1534 1010 seu
1553 929 1735 1038 assignare
1754 948 1795 1009 et
1813 927 1889 1008 hoc

473 1058 545 1138 sub
582 1083 684 1168 pena
714 1055 968 1164 quadraginta
1000 1055 1188 1136 librarum
1226 1053 1340 1133 nobis
1373 1052 1705 1134 sorissatlurarum
1816 1053 1887 1132 ΕΤ
1925 1061 2039 1168 μα,

357 1237 361 1248 »
477 1205 597 1280 Qun
630 1180 811 1260 volumus
838 1203 975 1258 omnes
996 1196 1036 1257 et
1053 1178 1318 1286 quascumque
1336 1175 1542 1254 discordias
1561 1173 1834 1254 controversias
1852 1190 1893 1254 et

474 1302 749 1408 ambiguitates
768 1327 846 1407 que
860 1299 1013 1408 possunt
1027 1303 1069 1379 in
1083 1298 1265 1379 futurum
1275 1300 1377 1378 inter
1391 1295 1589 1408 prefatum
1603 1295 1895 1380 Cancellarium

472 1440 513 1502 et
532 1423 692 1502 scolares
711 1422 814 1500 diste
833 1422 1102 1502 Universttatis
1120 1421 1246 1502 nostre
1263 1440 1303 1500 et
1322 1417 1545 1500 successores
1561 1419 1646 1498 suos
1658 1437 1699 1498 etw
1712 1419 1893 1528 Burgen-

473 1544 529 1626 ses
549 1545 651 1624 diste
670 1543 763 1622 ville
782 1545 954 1624 totaliter
972 1545 1100 1624 sedare
1119 1561 1161 1622 et
1178 1543 1292 1624 finire
1311 1560 1357 1622 ut
1375 1541 1687 1650 tranquilliorem
1697 1540 1893 1622 inibistu·

473 1667 610 1746 dentes
626 1684 814 1774 peragant
830 1669 953 1748 uitam
972 1667 1151 1746 dedimus
1171 1683 1210 1745 et
1229 1693 1298 1774 per
1311 1663 1503 1774 presentes
1515 1663 1769 1744 concedimus
1784 1663 1893 1774 quod

471 1789 736 1868 cancellarius
756 1795 824 1867 et⁸
838 1814 976 1868 omnes
994 1789 1154 1868 scolares
1174 1785 1562 1868 disconveniens
1581 1803 1621 1864 et
1646 1811 1783 1864 eorum
1812 1786 1894 1864 mi·

473 1910 583 1990 nislri
600 1928 641 1990 et
659 1910 866 1988 servientes
882 1911 1097 1990 eorundem
1112 1927 1152 1987 et
1170 1908 1341 2016 quilibet
1357 1934 1494 1988 eorum
1514 1933 1756 1986 cumeorum
1770 1903 1892 1986 santi-

472 2032 526 2112 lia
544 2048 585 2110 et
602 2055 740 2110 omnes
758 2031 824 2112 alii
842 2033 911 2138 qui
928 2059 1033 2110 nunc
1052 2031 1140 2110 sunt
1159 2047 1226 2110 aut
1239 2029 1496 2138 imposterum
1514 2047 1630 2110 erunt
1645 2027 1836 2138 registrati
1848 2029 1893 2110 iu
1982 2131 1985 2138 .

473 2151 634 2261 registro
651 2153 755 2232 dicte
772 2154 1042 2234 Universitatis
1057 2153 1237 2262 deinceps
1252 2153 1545 2260 imperpetuum
1555 2149 1725 2231 babeant
1739 2169 1779 2230 et
1792 2177 1892 2260 gau-

475 2274 592 2356 deaut
605 2273 818 2382 etquilibet
830 2273 1116 2355 eommbabeat
1129 2291 1170 2353 et
1181 2275 1347 2384 gaudeat
1357 2299 1495 2353 omnes
1507 2273 1706 2354 libertates
1716 2291 1758 2354 et
1768 2273 1895 2382 privi-

470 2395 683 2504 legiadiete
695 2397 967 2476 Universitatis
977 2423 1085 2478 nunc
1096 2412 1135 2476 et
1142 2396 1892 2506 peranteaconceffaabsquediffieultate

471 2519 728 2626 ambiguitate
748 2519 872 2598 dubio
889 2519 954 2598 seu
972 2519 1297 2625 interpretatione
1314 2518 1600 2626 impedimento
1619 2543 1689 2626 per
1717 2541 1790 2598 nos
1815 2515 1890 2598 lte-

472 2639 583 2718 redes
600 2655 640 2718 et
659 2637 885 2718 successores
905 2638 1052 2719 nostros
1071 2639 1135 2718 seu
1155 2639 1307 2748 aliquos
1325 2665 1673 2748 quorumcumque
1694 2637 1893 2748 ligeorum
1966 2635 1973 2649 ’

473 2759 693 2840 nostrorum
710 2760 994 2840 incontrarium
1012 2759 1199 2840 faciendis
1220 2761 1281 2840 vel
1309 2761 1447 2840 fienffis
1557 2763 1628 2841 Er
1667 2785 1890 2842 totumue
1929 2769 1968 2874 §.
1990 2791 2055 2852 21.

472 2901 513 2964 et
531 2882 782 2962 concedimus
802 2883 910 2991 quod
926 2882 975 2962 ad
990 2881 1208 2989 quemlibet
1224 2881 1348 2961 visum
1363 2881 1487 2962 franci
1501 2883 1623 2990 plegii
1637 2882 1896 2992 imposterum

470 3003 573 3084 insra
601 3005 705 3084 dicte
737 2995 1043 3082 Universrtatis¹²
1066 3005 1311 3111 precinctum
1338 3029 1408 3111 per
1429 3003 1583 3082 dissum
1602 3003 1892 3088 Caneellarium

472 3124 547 3206 sive
578 3122 897 3204 Commissarium
927 3142 996 3204 aut
1024 3123 1108 3231 ejus
1135 3124 1368 3234 deputatum
1395 3126 1610 3206 tenendum
1637 3127 1744 3234 quod
1763 3124 1891 3208 didlua

471 3247 740 3328 Cancellarius
765 3244 1060 3328 Commiffarius
1085 3245 1150 3326 seu
1178 3248 1261 3353 ejus
1288 3248 1496 3356 deputatus
1521 3247 1587 3328 seu
1616 3274 1719 3328 unus
1751 3273 1892 3332 eorum

470 3365 588 3452 saciat
606 3387 791 3478 precepta
807 3386 847 3448 et
866 3371 1049 3449 ntandata
1066 3369 1252 3450 ministris
1270 3370 1331 3450 vel
1347 3370 1465 3450 alicui
1478 3361 1655 3450 ministro
1669 3369 1770 3450 diste
1784 3371 1891 3454 Uni·

470 3490 657 3570 versitatis
672 3491 727 3570 Et
745 3491 852 3598 quod
863 3491 958 3572 diesi
972 3489 1148 3572 Ministri
1166 3491 1233 3572 seu
1251 3518 1350 3572 unus
1371 3519 1509 3572 eorum
1527 3519 1600 3600 pro
1618 3509 1796 3602 tempore
1812 3519 1885 3574 ex·

468 3611 628 3694 istentes
645 3609 816 3693 habeant
833 3631 874 3692 et
892 3610 1035 3694 habeat
1054 3613 1270 3722 plenariam
1289 3613 1523 3722 potestatem
1550 3631 1590 3693 et
1614 3616 1889 3694 auctoritatem

392 3740 394 3748 ’
470 3753 653 3844 precepta
680 3735 863 3814 mandata
888 3734 1061 3841 panellas
1077 3751 1118 3814 et
1137 3731 1439 3816 attachiamenta
1457 3735 1506 3816 de
1526 3751 1704 3844 tempore
1720 3736 1764 3814 in
1781 3754 1887 3838 temf

470 3883 546 3966 pus
563 3881 697 3936 coram
713 3854 822 3936 nino
838 3855 1084 3938 Cancellario
1097 3856 1373 3938 Commissario
1384 3857 1450 3938 seu
1465 3859 1548 3964 ejus
1562 3857 1750 3968 deputato
1761 3873 1889 3938 retor-

468 3977 589 4060 nandi
607 3994 647 4058 et
666 3977 832 4058 alterius
846 3977 1067 4086 mreqmndi
1084 3995 1124 4058 et
1136 3977 1307 4062 faciendi
1326 3997 1456 4061 totum
1475 3998 1516 4060 et
1534 3980 1727 4090 quicquid
1743 3997 1790 4060 ut
1805 3981 1887 4060 mi·

469 4099 579 4182 uistri
607 4099 725 4180 nostri
752 4099 877 4182 solent
904 4117 945 4180 et
972 4099 1119 4181 debent
1144 4099 1247 4182 infra
1274 4128 1440 4211 regnum
1466 4101 1642 4182 nostrum
1666 4103 1813 4212 Anglie
1839 4101 1894 4184 ad

469 4222 604 4302 omnia
633 4247 680 4302 ea
708 4249 787 4331 que
803 4223 853 4304 ad
870 4221 1023 4304 diuum
1040 4223 1167 4304 visum
1184 4222 1311 4306 franci
1327 4224 1450 4334 plegii
1466 4217 1666 4332 pertinent
1676 4243 1746 4306 aut
1763 4225 1888 4336 perti-

468 4369 560 4424 nere
579 4343 726 4424 debent
834 4345 904 4425 Er
930 4369 1172 4426 assessus
1196 4347 1449 4428 concedimus
1472 4344 1628 4458 prefato
1645 4346 1890 4428 Cancellatio
1922 4349 1960 4456 §.
1980 4371 2049 4432 aa.

468 4482 509 4546 et
528 4465 750 4548 Scolaribus
766 4465 873 4548 diue
888 4457 1162 4548 Universitatis
1178 4468 1285 4576 quod
1303 4467 1532 4550 habeantet
1558 4467 1705 4550 saciant
1729 4467 1795 4558 seu
1813 4465 1888 4548 ba·

469 4587 561 4670 bere
579 4605 620 4670 et
637 4586 764 4672 saeete
781 4587 937 4700 poffnnt
955 4611 1087 4672 unum·
1101 4615 1266 4701 parcum
1283 4591 1493 4701 urslgariter
1511 4591 1665 4674 didam
1687 4589 1887 4674 aPorarrde

830 4826 1084 4890 tenutas
1124 4827 1519 4892 LECTIONE&

510 4981 712 5044 ‘eorundem
751 4983 863 5048 latos.
879 4989 952 5066 184.
1264 4985 1488 5067 flprocinnum.
1531 4987 1573 5050 Η.
1590 4987 1718 5068 solta84.

511 5087 735 5162 ‘deestomnen
775 5084 885 5151 Hlal.
903 5091 973 5165 ⁸84.

1156 5189 1178 5268 1
1828 5195 1891 5278 vel
