5118 6544
876 567 1446 664 usumin
1969 563 2043 696 37

459 775 508 858 Iu
541 769 665 878 Cujus
696 772 757 851 rei·
782 769 1049 850 testimonium
1082 767 1152 849 has
1182 770 1312 850 literas
1343 769 1489 850 nostras
1520 766 1604 848 sieri
1625 765 1792 850 fecimus
1812 797 1884 879 pa-

462 913 590 976 tentes
621 893 740 971 Teste
772 919 836 972 me
869 894 952 1003 ipso
983 893 1087 1001 apud
1119 892 1511 972 Westmouasterium
1543 889 1807 971 sextodecimo
1828 893 1893 970 die

463 1018 560 1124 Julii
578 1017 696 1094 Auno
722 1017 843 1122 regui,
858 1015 977 1094 nostri
997 1012 1143 1122 Anglic
1164 1016 1356 1094 tricefimo
1387 1017 1497 1124 regui
1516 1039 1607 1092 vero
1626 1014 1744 1093 nostri
1766 1015 1891 1092 Frau-

460 1142 529 1222 cie,
541 1136 696 1216 decimo
714 1137 880 1244 septimo
995 1138 1277 1216 Iusssxrruus
1292 1136 1448 1246 insuper
1460 1135 1644 1244 quasdam
1657 1135 1748 1216 alias
1761 1136 1891 1215 literas
1962 1145 2031 1206 Ric·
2046 1145 2086 1207 11.

460 1257 1297 1370 patentescjusdcmAvinostriinhecverba
1390 1259 1892 1365 EownunusDcigracia
1968 1230 2089 1332 §·7¹·
2137 1275 2142 1282 ·

462 1385 551 1464 Rex
571 1383 717 1489 Anglie
738 1400 776 1459 et
806 1383 839 1460 F
842 1383 969 1460 rancic
997 1400 1037 1459 et
1066 1381 1249 1462 domiuus
1284 1381 1477 1461 Hibernis
1498 1380 1679 1458 universis
1701 1399 1741 1458 et
1760 1381 1892 1489 singu·
1922 1378 2007 1440 Edu.
2025 1377 2081 1439 11¹·

460 1505 509 1584 lis
529 1503 758 1607 justiciariis
779 1503 1090 1583 Vicecomitibus
1111 1505 1303 1583 Ministris
1323 1521 1363 1581 et
1379 1505 1463 1582 aliis
1484 1502 1636 1581 ballivis
1657 1521 1695 1580 et
1710 1500 1892 1588 fidelibus

461 1626 537 1705 suis
566 1626 615 1704 ad
644 1651 893 1733 quecumque
919 1626 1050 1706 officia
1069 1628 1109 1704 iu
1128 1627 1319 1705 comitatu
1340 1627 1458 1706 Oxou
1488 1623 1591 1702 infra
1619 1623 1817 1703 libertates
1849 1640 1893 1704 et·

460 1767 568 1827 extra
587 1748 815 1855 exequenda
834 1767 873 1827 et
892 1746 1071 1827 facienda
1089 1748 1282 1856 assignatis
1302 1766 1341 1825 et
1361 1747 1591 1854 allignandis
1611 1746 1660 1823 ad
1678 1773 1776 1853 quos
1795 1772 1891 1854 pre-

461 1869 585 1975 sentes
615 1868 725 1948 litere
745 1871 964 1976 pervenerit
995 1868 1158 1948 salutem
1221 1871 1419 1948 Scrnrrs
1449 1869 1555 1975 quod
1582 1893 1676 1947 cum
1699 1893 1769 1974 per
1798 1895 1888 1948 car·
1908 1883 1975 1944 vide
1991 1888 2016 1960 ς.
2034 1900 2090 1961 40·

461 2009 545 2070 tam
564 1990 737 2072 nostram
765 1993 813 2068 de
851 1994 980 2098 gracia
1009 1992 1136 2070 nostra
1166 1990 1320 2098 speciali
1349 1993 1452 2070 iuter
1480 1992 1555 2069 alia
1582 1987 1812 2068 concessum.
1841 1989 1888 2070 fit

461 2140 533 2222 pro
563 2111 677 2193 nobis
708 2131 748 2192 et
776 2110 986 2193 heredibus
1016 2113 1153 2192 nostris
1189 2113 1433 2193 Cancellario
1461 2111 1731 2192 Univcrfitatis
1768 2112 1890 2191 Oxou

460 2233 569 2342 quod
587 2236 666 2341 ipse
684 2253 723 2312 et
742 2235 967 2314 successores
986 2235 1041 2315 sui
1062 2255 1101 2314 et
1120 2262 1256 2314 eorum
1277 2239 1378 2313 vices
1397 2253 1576 2342 gerentes
1595 2237 1890 2342 imperpetuum

459 2355 630 2434 habeant
649 2355 864 2434 custodiam
884 2355 986 2436 affise
1006 2359 1117 2464 panis
1137 2358 1218 2437 vini
1244 2376 1284 2437 et
1302 2356 1459 2436 cervisre
1480 2364 1503 2396 ⁸¹
1522 2356 1569 2436 ad
1599 2358 1889 2438 correccionem

459 2496 499 2558 et
519 2479 773 2588 punicionem
802 2478 975 2584 ejusdem
1004 2504 1100 2558 cum
1128 2478 1272 2559 finibus
1302 2479 1615 2559 amerciamentis
1642 2497 1682 2556 et
1701 2475 1890 2584 proficuis

460 2601 559 2680 aliis.
577 2601 896 2707 provenientibus
928 2603 971 2680 in
998 2598 1072 2682 hac
1111 2619 1221 2710 parte
1259 2601 1457 2682 reddendo
1488 2600 1601 2680 nobis
1621 2618 1661 2680 et
1679 2599 1888 2679 heredibus

457 2721 596 2802 nostris
624 2740 789 2802 centum
824 2721 963 2802 solidos
993 2725 1197 2802 annuatim
1226 2723 1296 2803 viz
1333 2725 1619 2832 quinquaginta
1658 2722 1799 2803 solidos
1838 2721 1888 2802 ad

459 2843 704 2944 Scaccarium
732 2844 909 2924 nostrum
939 2844 1057 2923 sancti
1077 2842 1291 2923 Michaelis
1316 2865 1356 2922 et
1375 2846 1662 2951 quinquaginta
1681 2844 1821 2923 solidos
1842 2842 1891 2922 ad

460 2968 707 3045 scaccarium
725 2964 901 3043 nostrum
920 2962 1066 3042 Pasche
1181 2964 1248 3041 Ac
1273 2987 1429 3042 sctum
1456 2965 1562 3069 quod
1587 2965 1695 3043 idem
1719 2964 1888 3044 Cancel-
1920 3054 1927 3070 ,
1961 2948 1994 3050 l·
2015 2968 2084 3052 72.

457 3088 577 3166 larius
605 3083 707 3163 solus
736 3102 776 3162 et
803 3083 1015 3165 insolidum
1049 3109 1094 3162 ac
1131 3083 1355 3164 successores
1375 3085 1431 3164 sui
1451 3086 1512 3164 vel
1531 3112 1668 3165 eorum
1687 3087 1789 3165 vices
1817 3055 1966 3194 g'e·''¹⁰le
1983 3059 2079 3136 Μ’·

460 3224 587 3290 rentes
617 3208 910 3314 imperpetuum
939 3205 1109 3288 habeant
1140 3206 1357 3287 custodiam
1381 3207 1482 3287 aslise
1502 3227 1541 3286 et
1561 3207 1671 3287 aslaie
1690 3235 1734 3287 ac
1753 3208 1889 3317 super·-

459 3331 584 3412 visum
599 3326 867 3409 mensurarum
882 3346 921 3406 et
940 3328 1160 3437 ponderum
1185 3331 1227 3408 in
1254 3330 1358 3410 dista
1382 3331 1475 3409 villa
1495 3331 1613 3409 Oxou
1635 3348 1675 3410 et
1692 3329 1886 3414 suburbiis

458 3452 628 3562 ejusdcm
653 3452 708 3528 ita
727 3449 835 3555 quod
853 3451 934 3558 ipse
954 3451 1218 3531 Cancellarius
1239 3451 1299 3530 vel
1319 3453 1401 3554 ejus
1420 3455 1522 3532 vices
1542 3479 1680 3560 gerens
1700 3455 1886 3561 quociens

457 3600 554 3684 opus
580 3571 701 3651 fuerit
725 3573 829 3652 dista
851 3573 1047 3652 mensuras
1067 3589 1107 3652 ct
1124 3573 1297 3682 pondera
1316 3573 1557 3682 supervideat
1577 3594 1616 3654 et
1637 3603 1681 3654 ea
1697 3602 1775 3682 que
1795 3574 1887 3654 falsa

456 3695 650 3780 invenerit
678 3693 859 3773 comburi
884 3713 924 3773 et
943 3695 1086 3776 destrui
1102 3694 1220 3775 saciat
1239 3713 1279 3774 et
1299 3697 1372 3776 alia
1392 3695 1531 3805 legalia
1548 3716 1588 3778 et
1600 3697 1705 3804 justa
1723 3696 1889 3807 deputet

458 3839 498 3902 ct
529 3815 745 3922 confignari
776 3815 894 3896 faciat
931 3844 1084 3898 necnon
1113 3816 1396 3925 transgressores
1423 3845 1520 3927 quos
1540 3822 1582 3898 in
1601 3818 1675 3899 hac
1694 3838 1802 3928 parte
1821 3822 1886 3898 in-

457 3943 606 4022 venerit
636 3938 770 4017 debite
801 3941 940 4048 puniat
967 3957 1007 4020 et
1034 3939 1193 4047 castiget
1221 3941 1283 4020 Ita
1304 3959 1434 4021 tamen
1455 3941 1561 4050 quod
1579 3939 1824 4022 forisfadure
1843 3960 1882 4023 et

455 4066 531 4146 alia
560 4059 736 4172 proficua
763 4061 854 4141 inde
879 4063 1154 4170 proveniencia
1179 4061 1395 4142 liberentur
1411 4091 1480 4172 per
1499 4068 1689 4144 extractas
1708 4091 1777 4173 per
1796 4064 1883 4145 dic-

456 4206 544 4268 tum
564 4182 852 4266 Cancellarium
871 4183 1066 4265 faciendas
1085 4183 1233 4290 Majori
1252 4202 1292 4264 et
1311 4185 1469 4266 Ballivis
1488 4187 1591 4267 diste
1609 4187 1703 4267 ville
1722 4187 1885 4266 levanda

456 4337 525 4420 per
543 4335 609 4391 eos
629 4306 671 4384 in
689 4307 881 4387 auxilium
899 4305 1012 4388 firme
1034 4307 1098 4386 sue
1117 4305 1209 4386 ville
1228 4309 1401 4415 predicte
1419 4309 1474 4390 *fi
1493 4327 1532 4390 et
1551 4328 1668 4418 prout
1694 4306 1881 4390 hactenus

456 4433 511 4512 est
523 4447 736 4542 optentum
834 4431 904 4509 ΕΤ
928 4432 1034 4538 quod
1047 4428 1224 4509 Clericus
1238 4430 1408 4511 Mercari
1422 4431 1461 4510 se
1478 4434 1521 4511 in
1539 4433 1736 4541 presencia
1755 4431 1882 4510 nostra
1946 4429 1984 4534 §
2003 4451 2073 4542 73.

455 4555 518 4635 vel
535 4552 728 4635 heredum
742 4550 960 4633 nostrorum
977 4554 1156 4635 decetero
1170 4578 1250 4632 non
1264 4554 1505 4636 intromittat
1520 4552 1623 4635 iufra
1643 4555 1811 4663 burgum
1830 4552 1882 4631 il-

833 4775 1424 4843 VARIAELucrtoNus

489 4935 763 5001 'mstffldu
1201 4941 1509 5006 *mmffiffl&.

1786 5024 1873 5110 lum
