5118 6544
1144 577 1627 669 CARTA

668 776 942 883 inquisrciones
962 774 1265 857 attachiamenta
1282 777 1474 887 processus
1490 777 1756 888 quoscumque
1773 800 1812 862 et
1829 784 2096 873 intendencias

670 902 913 980 Cancellario
944 898 1218 981 commissario
1248 930 1319 1010 pro
1346 922 1522 1011 tempore
1542 904 1786 984 existentiae
1806 907 1887 1013 ejus
1907 908 2095 1017 deputato

667 1024 741 1100 five
765 1025 1042 1130 vicemgerenti
1063 1044 1102 1101 et
1122 1024 1394 1104 successoribus
1414 1026 1489 1104 suis
1501 1045 1544 1104 et
1563 1027 1646 1105 aliis
1664 1028 1891 1131 Justiciariis
1909 1059 1978 1139 per
1992 1061 2092 1117 eun·

668 1145 760 1224 dem
794 1146 1083 1226 Cancellarium
1113 1174 1185 1254 pro
1205 1166 1380 1256 tempore
1400 1149 1628 1228 existentem
1650 1169 1695 1229 ut
1714 1155 1956 1260 premittitur
1977 1158 2091 1267 affig-

667 1269 803 1348 nandis
823 1287 862 1348 et
881 1269 1044 1350 cuilibet
1063 1297 1199 1350 eorum
1219 1292 1264 1349 ut
1279 1273 1499 1379 predislum
1520 1272 1638 1353 estad
1654 1273 1878 1382 omniaque
1897 1278 1945 1355 ad
1960 1280 2092 1363 officia

665 1391 731 1472 sua
758 1392 833 1471 five
860 1393 1020 1498 alicujus
1039 1419 1177 1473 eorum
1195 1392 1368 1502 spectant
1387 1397 1435 1475 de
1455 1414 1631 1505 tempore
1650 1397 1692 1474 in
1712 1414 1868 1507 tempus
1887 1396 2005 1481 saciat
2024 1431 2087 1482 re-

667 1533 796 1595 tornet
823 1534 864 1592 et
892 1516 1071 1594 intendat
1100 1544 1145 1596 ac
1172 1536 1356 1626 precepta
1375 1519 1556 1599 mandata
1576 1537 1767 1599 warranta
1788 1539 1827 1599 et
1848 1521 2000 1628 judicia
2018 1553 2087 1605 eo-

659 1637 2088 1751 rundemJusticiariorumetcujussibeteorumprotemporeexistencium

659 1781 704 1841 ut
722 1761 944 1868 predictum
964 1761 1019 1839 est
1039 1760 1156 1841 saciat
1175 1782 1215 1840 et
1234 1782 1450 1871 exequatur
1468 1765 1509 1844 in
1528 1766 1713 1844 omnibus
1735 1765 1882 1845 eisdem
1907 1771 2027 1849 modo
2046 1789 2088 1851 et

660 1883 790 1966 sorma
811 1902 927 1992 prout
947 1885 1055 1962 idem
1071 1885 1304 1964 Vicecomes
1320 1904 1386 1966 aut
1398 1886 1463 1966 alii
1475 1885 1686 1991 Justiciarii
1702 1886 1749 1965 ad
1761 1914 1902 1995 pacem
1916 1891 2088 1973 nostram

660 2007 737 2088 five
757 2007 804 2085 ad
823 2008 954 2114 gaolas
974 2008 1119 2087 nostras
1135 2008 1401 2089 deliberandas
1420 2011 1463 2089 in
1483 2008 1750 2090 Comitatibus
1767 2011 1889 2090 Oxou
1907 2030 1948 2092 et
1965 2013 2091 2095 Berks

659 2147 844 2211 tenentur
869 2128 940 2207 sub
964 2157 1065 2236 pena
1085 2128 1332 2212 forisfact'ure
1351 2133 1609 2213 ducentarum
1626 2133 1818 2214 librarum
1839 2161 1917 2213 una
1935 2139 2088 2218 medie·

658 2273 738 2334 tate
756 2252 849 2333 inde
869 2251 982 2330 nobis
998 2247 1207 2330 heredibus
1226 2272 1265 2331 et
1285 2245 1558 2333 succelscfiibus
1583 2255 1720 2334 nostris
1740 2275 1780 2336 et
1800 2258 1919 2337 altara
1934 2260 2086 2341 medie-

464 2390 502 2494 §-
525 2413 587 2471 10
657 2393 739 2457 tate
758 2375 850 2453 inde
870 2375 917 2451 ad
938 2372 1050 2451 usum
1067 2374 1241 2482 predicte
1258 2375 1526 2454 Univerfitatis
1546 2375 1727 2453 solvenda
1837 2377 1908 2456 Er
1931 2403 2087 2460 utve-

662 2523 771 2580 Rrus
806 2496 855 2575 de
887 2496 1058 2576 uberiori
1077 2497 1206 2604 gracia
1226 2496 1353 2576 nostra
1371 2497 1552 2576 volumus
1572 2516 1612 2576 et
1631 2497 1886 2576 concedimus
1905 2526 1975 2608 per
1993 2530 2083 2610 pre·

660 2623 785 2702 sentes
816 2619 922 2726 quod
951 2619 1075 2699 iidem
1108 2618 1372 2698 Cancellarius
1391 2638 1431 2699 et
1450 2619 1621 2700 Scolares
1642 2638 1682 2698 et
1700 2647 1839 2700 eorum
1857 2620 2082 2704 successores

657 2747 953 2855 imperpetuum
969 2739 1139 2820 habeant
1158 2742 1388 2822 omnimoda
1406 2741 1504 2822 fines
1523 2743 1827 2852 amerciamenta
1844 2760 1884 2821 et
1902 2741 2085 2825 forisfac-

656 2885 760 2948 turas
780 2890 1032 2975 quecumque
1050 2862 1175 2941 assella
1194 2865 1414 2971 adjudicata
1428 2882 1557 2944 taxata
1572 2867 1647 2944 five
1665 2867 1833 2947 taxanda
1851 2865 1912 2945 vel
1927 2867 2081 2975 adjudi-

657 2990 781 3070 canda
797 3014 869 3098 pro
887 2985 1243 3095 transgreflionibus
1262 2985 1569 3093 oppressionibus
1590 2989 1698 3066 riotis
1718 2990 1840 3067 routis
1860 2988 2006 3069 illicitis
2021 2991 2081 3070 as·

657 3114 814 3193 semblis
835 3110 1119 3191 conventiculis
1138 3110 1514 3217 congregacionibus
1534 3111 1655 3189 unitis
1673 3110 1966 3190 extorcionibus
1981 3139 2083 3221 neg-

657 3237 836 3345 ligenciis
868 3234 1026 3343 escapiis
1054 3231 1232 3312 selonum
1252 3230 1607 3341 conspirationibus
1626 3233 1930 3313 concelamentis
1950 3262 2081 3344 regra⁴

658 3362 764 3439 tariis
784 3377 824 3439 et
848 3355 1087 3437 ¹forstallariis
1117 3357 1429 3436 manutenenciis
1458 3355 1729 3437 ambidextriis
1760 3353 1990 3436 falsitatibus
2019 3385 2082 3440 re-

656 3479 904 3563 tencionibus
922 3479 1073 3559 illicitis
1093 3497 1133 3558 et
1153 3479 1237 3560 aliis
1252 3479 1404 3559 delictis
1423 3497 1463 3560 et
1476 3477 1787 3588 mesprifionibus
1806 3505 1850 3557 ac
1866 3478 2087 3562 malefactis

573 3635 577 3643 ¹
656 3605 969 3712 quibuscumque
987 3600 1099 3681 fastis
1118 3602 1193 3680 five
1211 3601 1349 3680 fiendis
1368 3605 1597 3710 perpetratis
1609 3603 1685 3682 five
1699 3600 1965 3710 perpetrandis
1980 3626 2080 3682 con·

657 3745 717 3805 tra
734 3751 990 3807 communem
1008 3724 1138 3833 legem
1156 3723 1326 3802 nostram
1346 3722 1421 3801 five
1440 3740 1576 3800 contra
1592 3723 1861 3802 ordinaciones
1886 3750 2079 3830 quorum·

655 3876 829 3958 cumque
874 3848 1108 3929 statutorum
1156 3847 1354 3927 editorum
1399 3844 1476 3925 five
1521 3844 1566 3923 in
1600 3841 1800 3953 posterum
1837 3843 2085 3927 edendorum

479 3949 517 4054 §-
543 3976 602 4033 11·
654 3973 853 4053 Necnon
876 3971 1107 4050 omnimoda
1122 3968 1218 4050 fines
1239 3967 1543 4050 arnerciamenta
1557 3967 1850 4080 redempciones
1869 3967 1997 4046 ‘exitus
2013 3966 2078 4047 so-

653 4094 874 4175 risfasturas
901 4112 941 4173 et
959 4093 1157 4174 forissasta
1177 4111 1259 4174 tam
1278 4119 1348 4203 per
1367 4092 1498 4173 brevia
1516 4092 1644 4173 nostra
1658 4107 1698 4171 et
1714 4087 1906 4170 heredum
1925 4089 2077 4170 nostro-

648 4235 743 4299 tum
762 4217 810 4297 de
830 4218 1055 4326 premunire
1074 4215 1177 4296 faeta
1192 4215 1413 4323 adjudicata
1430 4233 1469 4296 et
1489 4213 1745 4322 adjudicanda
1759 4239 1879 4322 quam
1898 4239 1968 4320 per
1985 4240 2078 4294 om·

654 4345 720 4424 nia
735 4341 810 4420 alia
828 4340 959 4420 brevia
983 4338 1158 4449 querelas
1187 4337 1462 4448 inqulficiones
1482 4356 1523 4418 et
1541 4337 1726 4418 mandata
1743 4335 1872 4416 nostra
1884 4333 2079 4416 heredum

653 4467 718 4546 seu
737 4462 993 4545 successorum
1013 4462 1261 4544 nostrorum
1248 4481 1292 4548 ut
1289 4461 1625 4586 quibuscumque
1642 4458 1776 4540 Curiis
1795 4458 1933 4539 nostris
1948 4478 1989 4539 et
2003 4456 2081 4539 he·
2111 4471 2123 4497 ·

653 4591 792 4669 redum
824 4588 1043 4668 nostrorum
1070 4602 1153 4665 tam
1172 4565 1355 4664 videlicet
1372 4610 1505 4663 coram
1525 4583 1638 4663 nobis
1655 4600 1695 4663 et
1710 4579 1919 4662 heredibus
1938 4580 2076 4662 nostris

653 4713 693 4789 in
715 4713 846 4791 Banco
865 4710 994 4790 nostro
1013 4707 1074 4789 vel
1095 4733 1229 4786 coram
1248 4706 1362 4786 nobis
1378 4724 1445 4786 aut
1463 4703 1674 4786 heredibus
1689 4705 1859 4786 nostris
1847 4733 1890 4785 ru
1906 4705 2075 4784 Cancel

648 4833 744 4911 laria
763 4833 890 4912 nostra
908 4851 947 4911 et
965 4830 1157 4912 heredum
1176 4828 1397 4909 nostrorum
1418 4828 1483 4909 seu
1502 4857 1637 4910 coram
1655 4827 1915 4910 Thesaurario
1940 4846 1980 4908 et
1997 4828 2075 4906 Ba·

649 4954 810 5035 renibus
840 4955 976 5034 nostris
1005 4973 1045 5034 et
1071 4952 1264 5033 heredum
1285 4952 1507 5034 nostrorum
1532 4953 1582 5032 de
1613 4953 1815 5033 Scaccario
1843 4949 2074 5056 Justiciariis

647 5079 786 5162 nostris
805 5096 846 5160 et
863 5075 1055 5161 heredum
1067 5075 1287 5159 nostrorum
1307 5077 1356 5158 de
1371 5103 1450 5160 uno
1466 5077 1598 5160 Banco
1615 5095 1655 5158 et
1673 5076 1723 5158 de
1739 5075 1862 5159 altero
1875 5071 2076 5273 Senesqlall·

1970 5220 1993 5274 e
2047 5217 2074 5274 o
