5118 6544
545 641 603 731 28
1132 625 1658 720 CARTA.

535 785 570 887 ᾗ.
589 785 655 893 48.
686 782 814 861 lrsna
848 780 1022 861 volentes
1051 780 1330 890 indempnitati
1362 780 1578 891 prospicere
1604 779 1809 862 scolarium
1839 787 1908 892 qui
1951 784 2113 870 fuerunt

684 905 726 983 in
747 906 851 983 dicta
869 903 1095 984 turbaeione
1113 904 1161 983 de
1182 906 1293 983 bonis
1318 903 1392 984 suis
1413 905 1612 1013 depredati
1638 906 1707 1012 qui
1735 907 1861 986 forsan
1889 911 2031 989 timore
2057 914 2113 989 ir-

687 1027 946 1133 regularitatis
976 1055 1054 1106 non
1087 1029 1230 1106 audent
1252 1025 1432 1134 prosequi
1450 1029 1705 1106 criminaliter
1723 1049 1860 1108 contra
1879 1032 2113 1138 depredato·

687 1174 746 1226 res
776 1146 1000 1254 hujusmodi
1027 1177 1099 1256 pro
1132 1151 1428 1256 recuperacione
1453 1151 1647 1229 bonorum
1677 1150 1835 1230 suorum
1856 1152 1906 1231 fic
1926 1155 2033 1232 furto
2052 1155 2115 1233 vel

686 1273 726 1350 vi
755 1272 973 1352 ablatorum
1000 1273 1265 1351 Conceffimus
1292 1271 1340 1349 de
1369 1274 1497 1380 gracia
1527 1273 1654 1351 nostra
1673 1272 1827 1380 speciali
1847 1302 1918 1381 pro
1938 1277 2051 1353 nobis
2072 1296 2113 1355 et

684 1390 892 1472 heredibus
925 1393 1062 1472 nostris
1087 1414 1282 1503 quantum
1309 1395 1350 1473 in
1369 1393 1482 1473 nobis
1502 1393 1556 1474 est
1576 1396 1760 1474 omnibus
1781 1414 1820 1473 et
1837 1396 1996 1504 singulis
2016 1399 2112 1476 Ma-

684 1515 811 1622 gistris
842 1536 881 1596 et
908 1517 1126 1596 Scolaribus
1147 1518 1249 1596 dicte
1270 1515 1538 1596 Univerfitatis
1557 1536 1597 1594 et
1616 1543 1753 1595 eorum
1773 1517 2021 1597 servientibus
2043 1520 2113 1627 qui

684 1641 727 1715 in
757 1640 860 1717 disla
885 1639 1111 1719 turbacione
1142 1639 1245 1718 bona
1271 1639 1336 1718 sua
1352 1638 1404 1718 fic
1423 1637 1529 1718 furto
1549 1641 1610 1719 vel
1631 1641 1670 1716 vi
1688 1637 1896 1719 amiserunt
1916 1643 2020 1747 quod
2042 1641 2112 1749 ipfi

685 1760 746 1839 vel
777 1760 1041 1840 Cancellarius
1074 1781 1113 1840 et
1144 1763 1415 1841 Procuratores
1441 1764 1543 1841 dicte
1566 1763 1835 1841 Universrtatis
1869 1792 2006 1842 eorum
2036 1791 2111 1842 no·

684 1883 792 1961 mine
823 1883 966 1991 absque
994 1885 1282 1991 inquietacioue
1311 1884 1373 1964 vel
1401 1882 1676 1964 molestacione
1703 1883 1822 1962 nostri
1841 1886 1900 1963 vel
1920 1885 2113 1964 heredum

684 2004 903 2084 nostrorum
930 2006 995 2085 seu
1023 2005 1292 2085 ministrorum
1318 2004 1539 2087 nostrorum
1566 2032 1909 2115 quorumcumque
1939 2008 2040 2085 bona
2060 2007 2111 2086 fic

682 2125 811 2206 furata
835 2129 897 2207 vel
927 2128 1135 2236 depredata
1161 2157 1183 2208 a
1214 2129 1328 2208 distis
1356 2127 1509 2208 furibus
1540 2148 1581 2208 et
1610 2129 1926 2238 depredatoribus
1947 2130 2006 2207 vel
2028 2129 2111 2208 aliis

684 2247 999 2355 quibuscumque
1025 2253 1073 2327 ad
1100 2276 1270 2357 quorum
1299 2276 1438 2329 manus
1467 2250 1693 2356 hujusmodi
1717 2279 1775 2330 res
1795 2255 2042 2359 pervenerint
2059 2253 2111 2331 li·

683 2371 761 2450 cite
787 2374 956 2479 recipere
984 2389 1024 2449 et
1055 2389 1186 2449 tenere
1216 2372 1358 2479 possint
1382 2370 1474 2450 licet
1502 2392 1637 2450 contra
1658 2371 1783 2449 dislos
1803 2372 1907 2450 sures
1938 2374 1999 2449 vel
2020 2399 2109 2479 rap-

521 2496 556 2598 §.
576 2522 643 2603 49.
683 2509 787 2573 tores
816 2494 865 2572 ad
894 2519 1036 2600 penam
1066 2493 1261 2601 sanguinis
1290 2519 1370 2572 non
1402 2491 1550 2571 suerint
1587 2493 1780 2599 prosecuti
1901 2494 2028 2571 Irsru
2063 2495 2111 2572 ad

684 2617 876 2722 majorem
912 2615 1158 2695 securitatem
1191 2632 1231 2694 et
1269 2616 1444 2723 quietem
1482 2614 1729 2694 studencium
1766 2616 1807 2694 in
1849 2615 2111 2694 Univerfitate

683 2739 857 2846 predisla
890 2765 961 2845 pro
993 2756 1181 2847 perpetuo
1211 2738 1436 2818 ordinamus
1466 2755 1506 2816 et
1531 2739 1784 2817 concedimus
1819 2765 1890 2845 pro
1929 2739 2040 2816 nobis
2070 2757 2110 2818 et

682 2858 893 2939 heredibus
923 2860 1060 2939 nostris
1086 2859 1191 2966 quod
1220 2860 1389 2967 quilibet
1412 2860 1643 2938 Vicecomes
1669 2861 1787 2938 Oxon
1815 2863 1883 2966 qui
1912 2887 1982 2966 pro
2004 2879 2108 2938 tem·

684 3008 779 3090 pore
810 2982 885 3060 crit
912 2983 955 3061 in
989 2984 1217 3090 recepcione
1251 2980 1530 3058 commiffionis
1564 2982 1628 3059 sue
1658 2983 1929 3086 juramentum
1968 2983 2109 3088 prestet

684 3104 882 3214 corporale
913 3104 1021 3212 quod
1051 3103 1261 3211 Magistros
1291 3120 1330 3180 et
1357 3102 1526 3181 Scolares
1547 3101 1816 3181 Univerlitatis
1841 3105 1959 3180 Oxon
1981 3123 2020 3182 et
2041 3131 2108 3182 eo-

685 3255 775 3307 rum
807 3228 1013 3307 servientes
1046 3252 1117 3333 pro
1152 3226 1299 3304 viribus
1344 3223 1393 3302 ab
1432 3224 1584 3330 injuriis
1620 3244 1660 3303 et
1693 3223 1895 3303 violenciis
1931 3244 2109 3333 proteget

685 3369 725 3428 et
760 3349 944 3428 desendet
978 3367 1018 3427 et
1055 3374 1193 3456 pacem
1231 3348 1271 3425 in
1311 3345 1570 3451 Univerfitate
1608 3347 1782 3455 predicta
1820 3367 2013 3454 quantum
2067 3351 2110 3426 in

684 3471 767 3581 ipso
793 3471 848 3550 est
875 3471 993 3552 saciet
1031 3469 1245 3548 conservari
1276 3467 1513 3575 prefatisque
1544 3470 1785 3548 Cancellario
1815 3487 1854 3546 et
1890 3470 2107 3548 Scolaribus

684 3595 733 3672 ad
766 3593 983 3702 puniendos
1015 3590 1301 3698 perturbatores
1321 3591 1426 3697 pacis
1446 3592 1596 3671 ibidem
1610 3593 1725 3697 juxta
1743 3591 1947 3699 privilegia
1966 3611 2008 3668 et
2030 3591 2106 3668 sta·

684 3736 768 3799 tuta
787 3714 1058 3795 Universrtatis
1077 3713 1249 3822 predidie
1268 3712 1417 3821 semper
1435 3741 1529 3795 cum
1548 3741 1646 3823 opus
1665 3714 1784 3791 suerit
1803 3712 1986 3819 prestabit
2007 3739 2105 3790 con-

682 3844 813 3923 silium
841 3861 880 3920 et
900 3840 1088 3946 juvamen
1116 3854 1156 3914 et
1195 3836 1242 3914 ad
1275 3834 1478 3943 privilegia
1508 3838 1706 3915 libertates
1737 3853 1778 3912 et
1810 3832 2107 3915 consuetudines

682 3968 785 4046 dicte
815 3959 1082 4044 Universrtatis
1107 3957 1353 4037 defendenda
1373 3985 1443 4065 pro
1463 3959 1607 4038 viribus
1627 3985 1745 4067 opem
1764 3956 1863 4035 feret
1890 3974 1929 4033 et
1949 3959 2054 4062 quod
2086 3985 2108 4034 a

683 4086 994 4169 Subvicecomite
1026 4081 1092 4160 suo
1125 4104 1164 4160 et
1199 4082 1282 4160 aliis
1317 4081 1503 4160 ministris
1537 4081 1612 4160 suis
1640 4083 1681 4159 in
1712 4080 1902 4159 comitatu
1931 4080 2106 4186 predisto

680 4213 810 4292 statim
837 4235 931 4288 curn
958 4204 1043 4314 post
1064 4204 1282 4311 susceptum
1301 4205 1478 4283 officium
1497 4204 1544 4282 ad
1562 4202 1729 4284 castrum
1750 4202 1811 4279 vel
1832 4202 1963 4280 villam
1986 4202 2106 4279 Oxon
2143 4297 2145 4300 Ι

680 4330 931 4414 declinaverit
960 4331 999 4407 in
1030 4327 1225 4434 presencia
1250 4327 1411 4432 alicujus
1443 4355 1490 4405 ex
1511 4347 1619 4432 parte
1640 4325 1911 4405 Univerlitatis
1946 4325 1991 4399 ad
2028 4322 2105 4403 hoc

680 4454 893 4564 deputandi
911 4449 1110 4529 consimile
1130 4450 1291 4555 recipiet
1305 4449 1577 4554 juramentum
1598 4449 1645 4526 ad
1662 4448 1768 4556 quod
1789 4447 1889 4554 ipsos
1909 4444 2105 4523 ministros

678 4607 749 4688 per
787 4575 957 4656 eundern
987 4573 1278 4651 Vicecomitem
1311 4572 1496 4680 compelli
1523 4572 1703 4649 volumus
1734 4588 1774 4647 et
1809 4569 1943 4647 arctari
1986 4567 2104 4645 Hanc

680 4703 806 4778 eciam
840 4696 1011 4776 sormam
1039 4695 1198 4800 jurandi
1231 4691 1412 4772 volumus
1440 4721 1594 4774 exnunc
1625 4693 1717 4772 addi
1743 4689 1869 4770 forme
1887 4687 2106 4794 juramenti

679 4821 935 4901 Vicecomitis
974 4817 1070 4896 dicti
1107 4815 1183 4893 loci
1217 4816 1256 4893 in
1287 4818 1513 4924 recepcione
1542 4813 1820 4894 commiffionis
1856 4811 1919 4889 sue
1947 4810 2106 4917 prestari

677 4945 852 5026 consueti
943 4943 1132 5022 Ceterum
1149 4939 1240 5047 quia
1255 4937 1367 5048 super
1386 4943 1495 5050 penis
1515 4966 1587 5051 pro
1606 4933 1788 5020 securiori
1807 4933 2106 5031 conservacione

1995 5079 2103 5163 pacis
