<?xml version="1.0" encoding="UTF-8"?>
<!DOCTYPE html PUBLIC "-//W3C//DTD XHTML 1.0 Transitional//EN"
    "http://www.w3.org/TR/xhtml1/DTD/xhtml1-transitional.dtd">
<html xmlns="http://www.w3.org/1999/xhtml" xml:lang="en" lang="en">
 <head>
  <title>
</title>
<meta http-equiv="Content-Type" content="text/html;charset=utf-8" />
  <meta name='ocr-system' content='tesseract 3.04.00' />
  <meta name='ocr-capabilities' content='ocr_page ocr_carea ocr_par ocr_line ocrx_word'/>
</head>
<body>
  <div class='ocr_page' id='page_1' title='image "./registrumprivil00oxfogoog_0067.png"; bbox 0 0 5118 6544; ppageno 0'>
   <div class='ocr_carea' id='block_1_1' title="bbox 1114 572 1688 697">
    <p class='ocr_par' dir='ltr' id='par_1_1' title="bbox 1114 572 1688 697">
     <span class='ocr_line' id='line_1_1' title="bbox 1114 572 1688 697; baseline 0 -1"><span class='ocrx_word' id='word_1_1' title='bbox 1114 572 1688 697; x_wconf 64' lang='lat' dir='ltr'>&#39;onRT&#39;n</span> 
     </span>
    </p>
   </div>
   <div class='ocr_carea' id='block_1_2' title="bbox 633 770 2159 4791">
    <p class='ocr_par' dir='ltr' id='par_1_2' title="bbox 633 770 2159 4791">
     <span class='ocr_line' id='line_1_2' title="bbox 725 770 2143 882; baseline 0.004 -34"><span class='ocrx_word' id='word_1_2' title='bbox 725 770 871 872; x_wconf 81' lang='lat' dir='ltr'>Qales</span> <span class='ocrx_word' id='word_1_3' title='bbox 891 770 983 852; x_wconf 93' lang='lat' dir='ltr'>huic</span> <span class='ocrx_word' id='word_1_4' title='bbox 1003 772 1132 852; x_wconf 87' lang='lat' dir='ltr'>nostro</span> <span class='ocrx_word' id='word_1_5' title='bbox 1153 799 1272 880; x_wconf 91' lang='lat' dir='ltr'>regno</span> <span class='ocrx_word' id='word_1_6' title='bbox 1288 775 1518 852; x_wconf 85' lang='lat' dir='ltr'>Oxoniensrs</span> <span class='ocrx_word' id='word_1_7' title='bbox 1538 773 1751 852; x_wconf 81' lang='lat' dir='ltr'>Academia</span> <span class='ocrx_word' id='word_1_8' title='bbox 1763 771 1918 878; x_wconf 87' lang='lat' dir='ltr'>jamdiu</span> <span class='ocrx_word' id='word_1_9' title='bbox 1936 777 2143 882; x_wconf 83' lang='lat' dir='ltr'>progenuit</span> 
     </span>
     <span class='ocr_line' id='line_1_3' title="bbox 725 895 2143 1003; baseline 0.003 -31"><span class='ocrx_word' id='word_1_10' title='bbox 725 895 924 1001; x_wconf 90' lang='lat' dir='ltr'>iudiesque</span> <span class='ocrx_word' id='word_1_11' title='bbox 946 914 988 973; x_wconf 94' lang='lat' dir='ltr'>ut</span> <span class='ocrx_word' id='word_1_12' title='bbox 1009 897 1203 1003; x_wconf 90' lang='lat' dir='ltr'>speramus</span> <span class='ocrx_word' id='word_1_13' title='bbox 1220 895 1274 972; x_wconf 91' lang='lat' dir='ltr'>est</span> <span class='ocrx_word' id='word_1_14' title='bbox 1295 899 1544 1002; x_wconf 84' lang='lat' dir='ltr'>progenitura</span> <span class='ocrx_word' id='word_1_15' title='bbox 1563 898 1701 1002; x_wconf 92' lang='lat' dir='ltr'>quue</span> <span class='ocrx_word' id='word_1_16' title='bbox 1720 897 1848 1002; x_wconf 85' lang='lat' dir='ltr'>plures</span> <span class='ocrx_word' id='word_1_17' title='bbox 1869 916 1908 973; x_wconf 92' lang='lat' dir='ltr'>et</span> <span class='ocrx_word' id='word_1_18' title='bbox 1928 896 2143 1002; x_wconf 89' lang='lat' dir='ltr'>perfeccio-</span> 
     </span>
     <span class='ocr_line' id='line_1_4' title="bbox 725 1019 2142 1125; baseline 0.003 -31"><span class='ocrx_word' id='word_1_19' title='bbox 725 1043 784 1094; x_wconf 91' lang='lat' dir='ltr'>res</span> <span class='ocrx_word' id='word_1_20' title='bbox 812 1045 892 1122; x_wconf 92' lang='lat' dir='ltr'>quo</span> <span class='ocrx_word' id='word_1_21' title='bbox 932 1019 1172 1124; x_wconf 89' lang='lat' dir='ltr'>quieciorem</span> <span class='ocrx_word' id='word_1_22' title='bbox 1208 1036 1247 1094; x_wconf 92' lang='lat' dir='ltr'>et</span> <span class='ocrx_word' id='word_1_23' title='bbox 1290 1020 1599 1124; x_wconf 83' lang='lat' dir='ltr'>tranquilliorem</span> <span class='ocrx_word' id='word_1_24' title='bbox 1636 1038 1822 1125; x_wconf 83' lang='lat' dir='ltr'>peragant</span> <span class='ocrx_word' id='word_1_25' title='bbox 1865 1021 1988 1096; x_wconf 89' lang='lat' dir='ltr'>vitam</span> <span class='ocrx_word' id='word_1_26' title='bbox 2051 1019 2142 1098; x_wconf 90' lang='lat' dir='ltr'>Nos</span> 
     </span>
     <span class='ocr_line' id='line_1_5' title="bbox 724 1137 2144 1246; baseline 0.004 -31"><span class='ocrx_word' id='word_1_27' title='bbox 724 1140 855 1245; x_wconf 87' lang='lat' dir='ltr'>itaque</span> <span class='ocrx_word' id='word_1_28' title='bbox 877 1167 955 1216; x_wconf 93' lang='lat' dir='ltr'>non</span> <span class='ocrx_word' id='word_1_29' title='bbox 977 1159 1056 1218; x_wconf 87' lang='lat' dir='ltr'>tam</span> <span class='ocrx_word' id='word_1_30' title='bbox 1077 1140 1229 1218; x_wconf 87' lang='lat' dir='ltr'>incitati</span> <span class='ocrx_word' id='word_1_31' title='bbox 1249 1158 1288 1217; x_wconf 93' lang='lat' dir='ltr'>et</span> <span class='ocrx_word' id='word_1_32' title='bbox 1308 1141 1452 1218; x_wconf 85' lang='lat' dir='ltr'>accensr</span> <span class='ocrx_word' id='word_1_33' title='bbox 1472 1141 1623 1218; x_wconf 71' lang='lat' dir='ltr'>assiduis</span> <span class='ocrx_word' id='word_1_34' title='bbox 1643 1137 1821 1246; x_wconf 84' lang='lat' dir='ltr'>precibus</span> <span class='ocrx_word' id='word_1_35' title='bbox 1842 1141 2144 1220; x_wconf 86' lang='lat' dir='ltr'>reverendiffimi</span> 
     </span>
     <span class='ocr_line' id='line_1_6' title="bbox 724 1259 2142 1368; baseline 0.004 -31"><span class='ocrx_word' id='word_1_36' title='bbox 724 1263 765 1337; x_wconf 91' lang='lat' dir='ltr'>in</span> <span class='ocrx_word' id='word_1_37' title='bbox 784 1259 939 1338; x_wconf 86' lang='lat' dir='ltr'>Christo</span> <span class='ocrx_word' id='word_1_38' title='bbox 959 1265 1078 1368; x_wconf 89' lang='lat' dir='ltr'>patris</span> <span class='ocrx_word' id='word_1_39' title='bbox 1100 1291 1141 1340; x_wconf 86' lang='lat' dir='ltr'>ac</span> <span class='ocrx_word' id='word_1_40' title='bbox 1164 1263 1316 1340; x_wconf 90' lang='lat' dir='ltr'>domini</span> <span class='ocrx_word' id='word_1_41' title='bbox 1333 1259 1519 1341; x_wconf 79' lang='lat' dir='ltr'>Thome‘</span> <span class='ocrx_word' id='word_1_42' title='bbox 1541 1263 1702 1367; x_wconf 87' lang='lat' dir='ltr'>Wulsey</span> <span class='ocrx_word' id='word_1_43' title='bbox 1723 1263 1974 1342; x_wconf 85' lang='lat' dir='ltr'>Eboraccnsrs</span> <span class='ocrx_word' id='word_1_44' title='bbox 1994 1262 2142 1342; x_wconf 88' lang='lat' dir='ltr'>Archi-</span> 
     </span>
     <span class='ocr_line' id='line_1_7' title="bbox 725 1383 2142 1491; baseline 0.004 -33"><span class='ocrx_word' id='word_1_45' title='bbox 725 1383 896 1489; x_wconf 86' lang='lat' dir='ltr'>episcopi</span> <span class='ocrx_word' id='word_1_46' title='bbox 928 1386 996 1489; x_wconf 92' lang='lat' dir='ltr'>qui</span> <span class='ocrx_word' id='word_1_47' title='bbox 1027 1386 1078 1462; x_wconf 94' lang='lat' dir='ltr'>ob</span> <span class='ocrx_word' id='word_1_48' title='bbox 1109 1385 1341 1490; x_wconf 76' lang='lat' dir='ltr'>singularem</span> <span class='ocrx_word' id='word_1_49' title='bbox 1370 1386 1626 1491; x_wconf 86' lang='lat' dir='ltr'>prudenciam</span> <span class='ocrx_word' id='word_1_50' title='bbox 1653 1383 1774 1463; x_wconf 88' lang='lat' dir='ltr'>fidem</span> <span class='ocrx_word' id='word_1_51' title='bbox 1800 1404 1839 1463; x_wconf 92' lang='lat' dir='ltr'>et</span> <span class='ocrx_word' id='word_1_52' title='bbox 1864 1385 2080 1463; x_wconf 74' lang='lat' dir='ltr'>doctrinam</span> <span class='ocrx_word' id='word_1_53' title='bbox 2101 1387 2142 1463; x_wconf 92' lang='lat' dir='ltr'>in</span> 
     </span>
     <span class='ocr_line' id='line_1_8' title="bbox 724 1506 2142 1586; baseline 0.003 -6"><span class='ocrx_word' id='word_1_54' title='bbox 724 1506 930 1583; x_wconf 84' lang='lat' dir='ltr'>confilium</span> <span class='ocrx_word' id='word_1_55' title='bbox 950 1507 1123 1584; x_wconf 86' lang='lat' dir='ltr'>nostrum</span> <span class='ocrx_word' id='word_1_56' title='bbox 1144 1506 1341 1584; x_wconf 88' lang='lat' dir='ltr'>adhibitus</span> <span class='ocrx_word' id='word_1_57' title='bbox 1359 1507 1406 1584; x_wconf 90' lang='lat' dir='ltr'>ab</span> <span class='ocrx_word' id='word_1_58' title='bbox 1422 1508 1558 1585; x_wconf 90' lang='lat' dir='ltr'>eadem</span> <span class='ocrx_word' id='word_1_59' title='bbox 1572 1507 1785 1585; x_wconf 88' lang='lat' dir='ltr'>Academia</span> <span class='ocrx_word' id='word_1_60' title='bbox 1806 1507 1854 1584; x_wconf 90' lang='lat' dir='ltr'>ad</span> <span class='ocrx_word' id='word_1_61' title='bbox 1873 1534 1942 1585; x_wconf 89' lang='lat' dir='ltr'>nos</span> <span class='ocrx_word' id='word_1_62' title='bbox 1961 1508 2142 1586; x_wconf 89' lang='lat' dir='ltr'>alumnus</span> 
     </span>
     <span class='ocr_line' id='line_1_9' title="bbox 725 1627 2143 1736; baseline 0.002 -33"><span class='ocrx_word' id='word_1_63' title='bbox 725 1627 904 1734; x_wconf 75' lang='lat' dir='ltr'>processit</span> <span class='ocrx_word' id='word_1_64' title='bbox 933 1630 1207 1734; x_wconf 90' lang='lat' dir='ltr'>integerrimus</span> <span class='ocrx_word' id='word_1_65' title='bbox 1237 1655 1356 1732; x_wconf 90' lang='lat' dir='ltr'>quam</span> <span class='ocrx_word' id='word_1_66' title='bbox 1384 1631 1602 1708; x_wconf 88' lang='lat' dir='ltr'>nostrorum</span> <span class='ocrx_word' id='word_1_67' title='bbox 1623 1631 1918 1736; x_wconf 84' lang='lat' dir='ltr'>progenitorum</span> <span class='ocrx_word' id='word_1_68' title='bbox 1937 1629 2058 1736; x_wconf 86' lang='lat' dir='ltr'>longo</span> <span class='ocrx_word' id='word_1_69' title='bbox 2078 1656 2143 1706; x_wconf 93' lang='lat' dir='ltr'>or-</span> 
     </span>
     <span class='ocr_line' id='line_1_10' title="bbox 725 1742 2146 1856; baseline 0.003 -30"><span class='ocrx_word' id='word_1_70' title='bbox 725 1750 817 1826; x_wconf 91' lang='lat' dir='ltr'>dine</span> <span class='ocrx_word' id='word_1_71' title='bbox 835 1742 1091 1856; x_wconf 65' lang='lat' dir='ltr'>exemplis‘et</span> <span class='ocrx_word' id='word_1_72' title='bbox 1107 1780 1149 1830; x_wconf 86' lang='lat' dir='ltr'>ac</span> <span class='ocrx_word' id='word_1_73' title='bbox 1165 1751 1306 1828; x_wconf 86' lang='lat' dir='ltr'>srncera</span> <span class='ocrx_word' id='word_1_74' title='bbox 1322 1752 1362 1828; x_wconf 95' lang='lat' dir='ltr'>in</span> <span class='ocrx_word' id='word_1_75' title='bbox 1379 1749 1498 1829; x_wconf 85' lang='lat' dir='ltr'>bonas</span> <span class='ocrx_word' id='word_1_76' title='bbox 1512 1751 1640 1828; x_wconf 84' lang='lat' dir='ltr'>literas</span> <span class='ocrx_word' id='word_1_77' title='bbox 1655 1772 1693 1829; x_wconf 92' lang='lat' dir='ltr'>et</span> <span class='ocrx_word' id='word_1_78' title='bbox 1708 1751 1952 1829; x_wconf 90' lang='lat' dir='ltr'>studencium</span> <span class='ocrx_word' id='word_1_79' title='bbox 1970 1753 2146 1856; x_wconf 88' lang='lat' dir='ltr'>quietem</span> 
     </span>
     <span class='ocr_line' id='line_1_11' title="bbox 726 1870 2144 1980; baseline 0.002 -32"><span class='ocrx_word' id='word_1_80' title='bbox 726 1873 871 1978; x_wconf 85' lang='lat' dir='ltr'>pietate</span> <span class='ocrx_word' id='word_1_81' title='bbox 904 1872 1138 1952; x_wconf 87' lang='lat' dir='ltr'>inflammati</span> <span class='ocrx_word' id='word_1_82' title='bbox 1171 1892 1396 1980; x_wconf 84' lang='lat' dir='ltr'>expetentes</span> <span class='ocrx_word' id='word_1_83' title='bbox 1432 1901 1590 1979; x_wconf 88' lang='lat' dir='ltr'>quoque</span> <span class='ocrx_word' id='word_1_84' title='bbox 1620 1874 1791 1950; x_wconf 83' lang='lat' dir='ltr'>maxime</span> <span class='ocrx_word' id='word_1_85' title='bbox 1820 1871 1909 1951; x_wconf 90' lang='lat' dir='ltr'>fidei</span> <span class='ocrx_word' id='word_1_86' title='bbox 1940 1870 2144 1951; x_wconf 88' lang='lat' dir='ltr'>christiane</span> 
     </span>
     <span class='ocr_line' id='line_1_12' title="bbox 726 1993 2144 2102; baseline 0.001 -31"><span class='ocrx_word' id='word_1_87' title='bbox 726 1993 1021 2074; x_wconf 87' lang='lat' dir='ltr'>firmamentum</span> <span class='ocrx_word' id='word_1_88' title='bbox 1051 1998 1198 2075; x_wconf 92' lang='lat' dir='ltr'>nedum</span> <span class='ocrx_word' id='word_1_89' title='bbox 1218 2017 1477 2102; x_wconf 86' lang='lat' dir='ltr'>augmentum</span> <span class='ocrx_word' id='word_1_90' title='bbox 1498 2016 1538 2073; x_wconf 91' lang='lat' dir='ltr'>et</span> <span class='ocrx_word' id='word_1_91' title='bbox 1558 1997 1741 2073; x_wconf 92' lang='lat' dir='ltr'>omnium</span> <span class='ocrx_word' id='word_1_92' title='bbox 1760 1996 2013 2074; x_wconf 88' lang='lat' dir='ltr'>scienciarum</span> <span class='ocrx_word' id='word_1_93' title='bbox 2034 1994 2144 2072; x_wconf 87' lang='lat' dir='ltr'>abso-</span> 
     </span>
     <span class='ocr_line' id='line_1_13' title="bbox 723 2115 2145 2224; baseline 0.002 -32"><span class='ocrx_word' id='word_1_94' title='bbox 723 2116 955 2194; x_wconf 87' lang='lat' dir='ltr'>lutiffimum</span> <span class='ocrx_word' id='word_1_95' title='bbox 975 2137 1013 2194; x_wconf 94' lang='lat' dir='ltr'>et</span> <span class='ocrx_word' id='word_1_96' title='bbox 1032 2117 1273 2196; x_wconf 90' lang='lat' dir='ltr'>uberrimum</span> <span class='ocrx_word' id='word_1_97' title='bbox 1293 2137 1528 2224; x_wconf 90' lang='lat' dir='ltr'>proventum</span> <span class='ocrx_word' id='word_1_98' title='bbox 1548 2115 1609 2195; x_wconf 90' lang='lat' dir='ltr'>his</span> <span class='ocrx_word' id='word_1_99' title='bbox 1628 2145 1704 2224; x_wconf 90' lang='lat' dir='ltr'>que</span> <span class='ocrx_word' id='word_1_100' title='bbox 1725 2117 1897 2195; x_wconf 88' lang='lat' dir='ltr'>anostris</span> <span class='ocrx_word' id='word_1_101' title='bbox 1917 2119 2145 2223; x_wconf 87' lang='lat' dir='ltr'>progenito·</span> 
     </span>
     <span class='ocr_line' id='line_1_14' title="bbox 723 2238 2147 2346; baseline 0.001 -32"><span class='ocrx_word' id='word_1_102' title='bbox 723 2238 829 2315; x_wconf 90' lang='lat' dir='ltr'>ribus</span> <span class='ocrx_word' id='word_1_103' title='bbox 862 2239 1218 2317; x_wconf 81' lang='lat' dir='ltr'>munificentiffime</span> <span class='ocrx_word' id='word_1_104' title='bbox 1248 2240 1336 2316; x_wconf 92' lang='lat' dir='ltr'>sunt</span> <span class='ocrx_word' id='word_1_105' title='bbox 1363 2241 1506 2318; x_wconf 87' lang='lat' dir='ltr'>donata</span> <span class='ocrx_word' id='word_1_106' title='bbox 1529 2267 1573 2316; x_wconf 91' lang='lat' dir='ltr'>ea</span> <span class='ocrx_word' id='word_1_107' title='bbox 1601 2268 1679 2346; x_wconf 91' lang='lat' dir='ltr'>que</span> <span class='ocrx_word' id='word_1_108' title='bbox 1706 2240 1887 2317; x_wconf 92' lang='lat' dir='ltr'>videntur</span> <span class='ocrx_word' id='word_1_109' title='bbox 1906 2239 2147 2344; x_wconf 77' lang='lat' dir='ltr'>potissimum</span> 
     </span>
     <span class='ocr_line' id='line_1_15' title="bbox 725 2359 2146 2464; baseline 0.001 -27"><span class='ocrx_word' id='word_1_110' title='bbox 725 2359 773 2437; x_wconf 90' lang='lat' dir='ltr'>ad</span> <span class='ocrx_word' id='word_1_111' title='bbox 803 2387 940 2438; x_wconf 89' lang='lat' dir='ltr'>eorum</span> <span class='ocrx_word' id='word_1_112' title='bbox 964 2361 1181 2438; x_wconf 80' lang='lat' dir='ltr'>conducere</span> <span class='ocrx_word' id='word_1_113' title='bbox 1201 2363 1516 2440; x_wconf 91' lang='lat' dir='ltr'>emolumentum</span> <span class='ocrx_word' id='word_1_114' title='bbox 1537 2361 1861 2438; x_wconf 89' lang='lat' dir='ltr'>commoditatem</span> <span class='ocrx_word' id='word_1_115' title='bbox 1882 2361 2146 2464; x_wconf 88' lang='lat' dir='ltr'>tranquillita-</span> 
     </span>
     <span class='ocr_line' id='line_1_16' title="bbox 633 2481 2147 2588; baseline -0.001 -29"><span class='ocrx_word' id='word_1_116' title='bbox 633 2540 641 2559; x_wconf 93' lang='lat'><strong>.</strong></span> <span class='ocrx_word' id='word_1_117' title='bbox 728 2499 810 2561; x_wconf 91' lang='lat' dir='ltr'>tem</span> <span class='ocrx_word' id='word_1_118' title='bbox 829 2509 987 2587; x_wconf 91' lang='lat' dir='ltr'>quoque</span> <span class='ocrx_word' id='word_1_119' title='bbox 1007 2484 1213 2587; x_wconf 87' lang='lat' dir='ltr'>adjicimus</span> <span class='ocrx_word' id='word_1_120' title='bbox 1324 2482 1419 2561; x_wconf 90' lang='lat' dir='ltr'>Nos</span> <span class='ocrx_word' id='word_1_121' title='bbox 1446 2507 1622 2560; x_wconf 78' lang='lat' dir='ltr'>rorrun</span> <span class='ocrx_word' id='word_1_122' title='bbox 1646 2481 1827 2588; x_wconf 88' lang='lat' dir='ltr'>precibus</span> <span class='ocrx_word' id='word_1_123' title='bbox 1847 2481 1940 2557; x_wconf 80' lang='lat' dir='ltr'>dieti</span> <span class='ocrx_word' id='word_1_124' title='bbox 1967 2507 2147 2559; x_wconf 89' lang='lat' dir='ltr'>reveren-</span> 
     </span>
     <span class='ocr_line' id='line_1_17' title="bbox 727 2601 2147 2710; baseline 0 -28"><span class='ocrx_word' id='word_1_125' title='bbox 727 2603 872 2682; x_wconf 85' lang='lat' dir='ltr'>diffimi</span> <span class='ocrx_word' id='word_1_126' title='bbox 892 2605 1015 2683; x_wconf 88' lang='lat' dir='ltr'>Patris</span> <span class='ocrx_word' id='word_1_127' title='bbox 1036 2603 1298 2682; x_wconf 87' lang='lat' dir='ltr'>favorabiliter</span> <span class='ocrx_word' id='word_1_128' title='bbox 1318 2605 1496 2682; x_wconf 80' lang='lat' dir='ltr'>inclinati</span> <span class='ocrx_word' id='word_1_129' title='bbox 1514 2604 1563 2681; x_wconf 91' lang='lat' dir='ltr'>de</span> <span class='ocrx_word' id='word_1_130' title='bbox 1584 2604 1713 2710; x_wconf 83' lang='lat' dir='ltr'>gracia</span> <span class='ocrx_word' id='word_1_131' title='bbox 1728 2603 1855 2681; x_wconf 86' lang='lat' dir='ltr'>nostra</span> <span class='ocrx_word' id='word_1_132' title='bbox 1869 2601 2024 2708; x_wconf 86' lang='lat' dir='ltr'>speciali</span> <span class='ocrx_word' id='word_1_133' title='bbox 2040 2630 2147 2682; x_wconf 83' lang='lat' dir='ltr'>acex</span> 
     </span>
     <span class='ocr_line' id='line_1_18' title="bbox 726 2723 2149 2832; baseline -0.001 -27"><span class='ocrx_word' id='word_1_134' title='bbox 726 2745 832 2805; x_wconf 92' lang='lat' dir='ltr'>certa</span> <span class='ocrx_word' id='word_1_135' title='bbox 851 2725 1012 2805; x_wconf 90' lang='lat' dir='ltr'>sciencia</span> <span class='ocrx_word' id='word_1_136' title='bbox 1032 2747 1071 2804; x_wconf 94' lang='lat' dir='ltr'>et</span> <span class='ocrx_word' id='word_1_137' title='bbox 1087 2754 1195 2804; x_wconf 90' lang='lat' dir='ltr'>mero</span> <span class='ocrx_word' id='word_1_138' title='bbox 1213 2746 1323 2805; x_wconf 93' lang='lat' dir='ltr'>motu</span> <span class='ocrx_word' id='word_1_139' title='bbox 1345 2727 1480 2804; x_wconf 92' lang='lat' dir='ltr'>nostris</span> <span class='ocrx_word' id='word_1_140' title='bbox 1502 2726 1681 2804; x_wconf 89' lang='lat' dir='ltr'>dedimus</span> <span class='ocrx_word' id='word_1_141' title='bbox 1699 2742 1738 2804; x_wconf 91' lang='lat' dir='ltr'>et</span> <span class='ocrx_word' id='word_1_142' title='bbox 1751 2723 2004 2803; x_wconf 88' lang='lat' dir='ltr'>conceffimus</span> <span class='ocrx_word' id='word_1_143' title='bbox 2021 2752 2063 2804; x_wconf 88' lang='lat' dir='ltr'>ac</span> <span class='ocrx_word' id='word_1_144' title='bbox 2080 2753 2149 2832; x_wconf 92' lang='lat' dir='ltr'>per</span> 
     </span>
     <span class='ocr_line' id='line_1_19' title="bbox 727 2845 2147 2957; baseline 0 -31"><span class='ocrx_word' id='word_1_145' title='bbox 727 2849 921 2957; x_wconf 89' lang='lat' dir='ltr'>presentes</span> <span class='ocrx_word' id='word_1_146' title='bbox 952 2851 1088 2926; x_wconf 87' lang='lat' dir='ltr'>damus</span> <span class='ocrx_word' id='word_1_147' title='bbox 1108 2866 1147 2926; x_wconf 90' lang='lat' dir='ltr'>et</span> <span class='ocrx_word' id='word_1_148' title='bbox 1167 2849 1418 2927; x_wconf 86' lang='lat' dir='ltr'>concedimus</span> <span class='ocrx_word' id='word_1_149' title='bbox 1439 2873 1509 2956; x_wconf 94' lang='lat' dir='ltr'>pro</span> <span class='ocrx_word' id='word_1_150' title='bbox 1529 2848 1642 2925; x_wconf 91' lang='lat' dir='ltr'>nobis</span> <span class='ocrx_word' id='word_1_151' title='bbox 1662 2845 1870 2926; x_wconf 87' lang='lat' dir='ltr'>heredibus</span> <span class='ocrx_word' id='word_1_152' title='bbox 1890 2865 1930 2924; x_wconf 90' lang='lat' dir='ltr'>et</span> <span class='ocrx_word' id='word_1_153' title='bbox 1950 2846 2147 2926; x_wconf 80' lang='lat' dir='ltr'>Successo-</span> 
     </span>
     <span class='ocr_line' id='line_1_20' title="bbox 728 2965 2148 3076; baseline -0.001 -28"><span class='ocrx_word' id='word_1_154' title='bbox 728 2972 835 3049; x_wconf 90' lang='lat' dir='ltr'>ribus</span> <span class='ocrx_word' id='word_1_155' title='bbox 856 2969 991 3051; x_wconf 90' lang='lat' dir='ltr'>nostris</span> <span class='ocrx_word' id='word_1_156' title='bbox 1011 2989 1206 3076; x_wconf 87' lang='lat' dir='ltr'>quantum</span> <span class='ocrx_word' id='word_1_157' title='bbox 1225 2972 1267 3047; x_wconf 93' lang='lat' dir='ltr'>in</span> <span class='ocrx_word' id='word_1_158' title='bbox 1288 2970 1400 3048; x_wconf 90' lang='lat' dir='ltr'>nobis</span> <span class='ocrx_word' id='word_1_159' title='bbox 1421 2970 1476 3046; x_wconf 90' lang='lat' dir='ltr'>est</span> <span class='ocrx_word' id='word_1_160' title='bbox 1495 2970 1644 3046; x_wconf 65' lang='lat' dir='ltr'>dilectis</span> <span class='ocrx_word' id='word_1_161' title='bbox 1673 2969 1785 3072; x_wconf 88' lang='lat' dir='ltr'>nobis</span> <span class='ocrx_word' id='word_1_162' title='bbox 1805 2971 1847 3046; x_wconf 92' lang='lat' dir='ltr'>in</span> <span class='ocrx_word' id='word_1_163' title='bbox 1868 2965 2024 3047; x_wconf 90' lang='lat' dir='ltr'>Christo</span> <span class='ocrx_word' id='word_1_164' title='bbox 2040 2971 2148 3047; x_wconf 90' lang='lat' dir='ltr'>Can·</span> 
     </span>
     <span class='ocr_line' id='line_1_21' title="bbox 730 3089 2146 3174; baseline -0.004 -1"><span class='ocrx_word' id='word_1_165' title='bbox 730 3094 885 3174; x_wconf 88' lang='lat' dir='ltr'>cellario</span> <span class='ocrx_word' id='word_1_166' title='bbox 917 3112 956 3171; x_wconf 90' lang='lat' dir='ltr'>et</span> <span class='ocrx_word' id='word_1_167' title='bbox 985 3093 1192 3171; x_wconf 91' lang='lat' dir='ltr'>scolaribus</span> <span class='ocrx_word' id='word_1_168' title='bbox 1222 3091 1490 3170; x_wconf 89' lang='lat' dir='ltr'>Universrtatis</span> <span class='ocrx_word' id='word_1_169' title='bbox 1520 3089 1646 3169; x_wconf 90' lang='lat' dir='ltr'>nostre</span> <span class='ocrx_word' id='word_1_170' title='bbox 1676 3091 1795 3167; x_wconf 91' lang='lat' dir='ltr'>Oxon</span> <span class='ocrx_word' id='word_1_171' title='bbox 1815 3108 1855 3168; x_wconf 90' lang='lat' dir='ltr'>et</span> <span class='ocrx_word' id='word_1_172' title='bbox 1874 3089 2146 3171; x_wconf 85' lang='lat' dir='ltr'>successoribus</span> 
     </span>
     <span class='ocr_line' id='line_1_22' title="bbox 730 3212 2147 3323; baseline -0.003 -28"><span class='ocrx_word' id='word_1_173' title='bbox 730 3216 804 3295; x_wconf 90' lang='lat' dir='ltr'>suis</span> <span class='ocrx_word' id='word_1_174' title='bbox 837 3216 942 3323; x_wconf 90' lang='lat' dir='ltr'>quod</span> <span class='ocrx_word' id='word_1_175' title='bbox 972 3214 1235 3294; x_wconf 88' lang='lat' dir='ltr'>Cancellarius</span> <span class='ocrx_word' id='word_1_176' title='bbox 1267 3215 1369 3292; x_wconf 73' lang='lat' dir='ltr'>diste</span> <span class='ocrx_word' id='word_1_177' title='bbox 1397 3213 1669 3291; x_wconf 89' lang='lat' dir='ltr'>Universrtatis</span> <span class='ocrx_word' id='word_1_178' title='bbox 1690 3233 1728 3291; x_wconf 92' lang='lat' dir='ltr'>et</span> <span class='ocrx_word' id='word_1_179' title='bbox 1753 3212 1833 3317; x_wconf 84' lang='lat' dir='ltr'>ejus</span> <span class='ocrx_word' id='word_1_180' title='bbox 1856 3212 2147 3291; x_wconf 82' lang='lat' dir='ltr'>Commissarius</span> 
     </span>
     <span class='ocr_line' id='line_1_23' title="bbox 730 3331 2148 3446; baseline -0.001 -31"><span class='ocrx_word' id='word_1_181' title='bbox 730 3367 802 3446; x_wconf 93' lang='lat' dir='ltr'>pro</span> <span class='ocrx_word' id='word_1_182' title='bbox 831 3357 1006 3444; x_wconf 89' lang='lat' dir='ltr'>tempore</span> <span class='ocrx_word' id='word_1_183' title='bbox 1026 3338 1191 3415; x_wconf 87' lang='lat' dir='ltr'>existens</span> <span class='ocrx_word' id='word_1_184' title='bbox 1211 3365 1254 3414; x_wconf 90' lang='lat' dir='ltr'>ac</span> <span class='ocrx_word' id='word_1_185' title='bbox 1274 3338 1481 3442; x_wconf 90' lang='lat' dir='ltr'>deputatus</span> <span class='ocrx_word' id='word_1_186' title='bbox 1501 3334 1643 3442; x_wconf 89' lang='lat' dir='ltr'>prefati</span> <span class='ocrx_word' id='word_1_187' title='bbox 1663 3331 1926 3412; x_wconf 84' lang='lat' dir='ltr'>Commiffarii</span> <span class='ocrx_word' id='word_1_188' title='bbox 1951 3362 2024 3442; x_wconf 92' lang='lat' dir='ltr'>pro</span> <span class='ocrx_word' id='word_1_189' title='bbox 2043 3352 2148 3414; x_wconf 92' lang='lat' dir='ltr'>tem·</span> 
     </span>
     <span class='ocr_line' id='line_1_24' title="bbox 732 3455 2149 3569; baseline -0.003 -31"><span class='ocrx_word' id='word_1_190' title='bbox 732 3487 825 3569; x_wconf 89' lang='lat' dir='ltr'>pore</span> <span class='ocrx_word' id='word_1_191' title='bbox 844 3459 1008 3538; x_wconf 89' lang='lat' dir='ltr'>existens</span> <span class='ocrx_word' id='word_1_192' title='bbox 1035 3460 1108 3539; x_wconf 91' lang='lat' dir='ltr'>s1nt</span> <span class='ocrx_word' id='word_1_193' title='bbox 1127 3475 1166 3538; x_wconf 92' lang='lat' dir='ltr'>et</span> <span class='ocrx_word' id='word_1_194' title='bbox 1186 3479 1300 3536; x_wconf 88' lang='lat' dir='ltr'>erunt</span> <span class='ocrx_word' id='word_1_195' title='bbox 1314 3457 1599 3536; x_wconf 81' lang='lat' dir='ltr'>conservatores</span> <span class='ocrx_word' id='word_1_196' title='bbox 1618 3473 1659 3533; x_wconf 93' lang='lat' dir='ltr'>et</span> <span class='ocrx_word' id='word_1_197' title='bbox 1676 3455 1883 3559; x_wconf 75' lang='lat' dir='ltr'>justiciarii</span> <span class='ocrx_word' id='word_1_198' title='bbox 1907 3455 2026 3534; x_wconf 86' lang='lat' dir='ltr'>nostri</span> <span class='ocrx_word' id='word_1_199' title='bbox 2044 3458 2149 3565; x_wconf 90' lang='lat' dir='ltr'>pacis</span> 
     </span>
     <span class='ocr_line' id='line_1_25' title="bbox 732 3575 2152 3685; baseline -0.004 -24"><span class='ocrx_word' id='word_1_200' title='bbox 732 3581 857 3661; x_wconf 84' lang='lat' dir='ltr'>nostre</span> <span class='ocrx_word' id='word_1_201' title='bbox 875 3581 1065 3660; x_wconf 91' lang='lat' dir='ltr'>heredum</span> <span class='ocrx_word' id='word_1_202' title='bbox 1087 3601 1125 3661; x_wconf 89' lang='lat' dir='ltr'>et</span> <span class='ocrx_word' id='word_1_203' title='bbox 1145 3579 1399 3659; x_wconf 84' lang='lat' dir='ltr'>successorum</span> <span class='ocrx_word' id='word_1_204' title='bbox 1417 3579 1634 3656; x_wconf 88' lang='lat' dir='ltr'>nostrorum</span> <span class='ocrx_word' id='word_1_205' title='bbox 1653 3596 1693 3656; x_wconf 90' lang='lat' dir='ltr'>et</span> <span class='ocrx_word' id='word_1_206' title='bbox 1710 3575 1879 3685; x_wconf 87' lang='lat' dir='ltr'>quilibet</span> <span class='ocrx_word' id='word_1_207' title='bbox 1900 3601 2037 3656; x_wconf 87' lang='lat' dir='ltr'>eorum</span> <span class='ocrx_word' id='word_1_208' title='bbox 2052 3579 2097 3656; x_wconf 93' lang='lat' dir='ltr'>s1t</span> <span class='ocrx_word' id='word_1_209' title='bbox 2113 3596 2152 3657; x_wconf 90' lang='lat' dir='ltr'>et</span> 
     </span>
     <span class='ocr_line' id='line_1_26' title="bbox 734 3699 2152 3808; baseline -0.004 -25"><span class='ocrx_word' id='word_1_210' title='bbox 734 3705 806 3783; x_wconf 88' lang='lat' dir='ltr'>erit</span> <span class='ocrx_word' id='word_1_211' title='bbox 825 3706 1067 3784; x_wconf 87' lang='lat' dir='ltr'>conservator</span> <span class='ocrx_word' id='word_1_212' title='bbox 1084 3724 1122 3784; x_wconf 91' lang='lat' dir='ltr'>et</span> <span class='ocrx_word' id='word_1_213' title='bbox 1141 3703 1379 3808; x_wconf 76' lang='lat' dir='ltr'>justiciarius</span> <span class='ocrx_word' id='word_1_214' title='bbox 1401 3701 1527 3779; x_wconf 87' lang='lat' dir='ltr'>noster</span> <span class='ocrx_word' id='word_1_215' title='bbox 1546 3703 1650 3806; x_wconf 87' lang='lat' dir='ltr'>pacis</span> <span class='ocrx_word' id='word_1_216' title='bbox 1666 3699 1791 3777; x_wconf 90' lang='lat' dir='ltr'>nostre</span> <span class='ocrx_word' id='word_1_217' title='bbox 1806 3699 1998 3777; x_wconf 88' lang='lat' dir='ltr'>heredum</span> <span class='ocrx_word' id='word_1_218' title='bbox 2012 3717 2050 3779; x_wconf 91' lang='lat' dir='ltr'>et</span> <span class='ocrx_word' id='word_1_219' title='bbox 2064 3700 2152 3780; x_wconf 91' lang='lat' dir='ltr'>suc·</span> 
     </span>
     <span class='ocr_line' id='line_1_27' title="bbox 734 3820 2152 3920; baseline -0.004 -13"><span class='ocrx_word' id='word_1_220' title='bbox 734 3826 923 3907; x_wconf 83' lang='lat' dir='ltr'>celsorum</span> <span class='ocrx_word' id='word_1_221' title='bbox 958 3827 1176 3907; x_wconf 91' lang='lat' dir='ltr'>nostrorum</span> <span class='ocrx_word' id='word_1_222' title='bbox 1209 3825 1310 3920; x_wconf 82' lang='lat' dir='ltr'>infra</span> <span class='ocrx_word' id='word_1_223' title='bbox 1345 3823 1480 3902; x_wconf 88' lang='lat' dir='ltr'>villam</span> <span class='ocrx_word' id='word_1_224' title='bbox 1515 3821 1684 3900; x_wconf 86' lang='lat' dir='ltr'>nostram</span> <span class='ocrx_word' id='word_1_225' title='bbox 1720 3820 1839 3900; x_wconf 86' lang='lat' dir='ltr'>Oxon</span> <span class='ocrx_word' id='word_1_226' title='bbox 1874 3823 1916 3900; x_wconf 90' lang='lat' dir='ltr'>in</span> <span class='ocrx_word' id='word_1_227' title='bbox 1948 3824 2152 3902; x_wconf 86' lang='lat' dir='ltr'>Comitetu</span> 
     </span>
     <span class='ocr_line' id='line_1_28' title="bbox 735 3941 2153 4054; baseline -0.006 -24"><span class='ocrx_word' id='word_1_228' title='bbox 735 3949 863 4030; x_wconf 87' lang='lat' dir='ltr'>nostro</span> <span class='ocrx_word' id='word_1_229' title='bbox 884 3953 1002 4029; x_wconf 89' lang='lat' dir='ltr'>Oxon</span> <span class='ocrx_word' id='word_1_230' title='bbox 1023 3969 1062 4028; x_wconf 90' lang='lat' dir='ltr'>et</span> <span class='ocrx_word' id='word_1_231' title='bbox 1082 3948 1264 4029; x_wconf 89' lang='lat' dir='ltr'>suburbia</span> <span class='ocrx_word' id='word_1_232' title='bbox 1278 3946 1451 4054; x_wconf 88' lang='lat' dir='ltr'>ejusdem</span> <span class='ocrx_word' id='word_1_233' title='bbox 1467 3963 1505 4023; x_wconf 91' lang='lat' dir='ltr'>et</span> <span class='ocrx_word' id='word_1_234' title='bbox 1520 3962 1687 4052; x_wconf 87' lang='lat' dir='ltr'>quatuor</span> <span class='ocrx_word' id='word_1_235' title='bbox 1702 3941 1905 4022; x_wconf 82' lang='lat' dir='ltr'>hundreda</span> <span class='ocrx_word' id='word_1_236' title='bbox 1919 3945 2048 4021; x_wconf 90' lang='lat' dir='ltr'>eidem</span> <span class='ocrx_word' id='word_1_237' title='bbox 2063 3944 2153 4023; x_wconf 84' lang='lat' dir='ltr'>ville</span> 
     </span>
     <span class='ocr_line' id='line_1_29' title="bbox 735 4063 2153 4181; baseline -0.004 -32"><span class='ocrx_word' id='word_1_238' title='bbox 735 4093 774 4149; x_wconf 91' lang='lat' dir='ltr'>et</span> <span class='ocrx_word' id='word_1_239' title='bbox 793 4071 985 4152; x_wconf 87' lang='lat' dir='ltr'>suburbiis</span> <span class='ocrx_word' id='word_1_240' title='bbox 1005 4075 1186 4181; x_wconf 86' lang='lat' dir='ltr'>proxime</span> <span class='ocrx_word' id='word_1_241' title='bbox 1208 4069 1428 4177; x_wconf 83' lang='lat' dir='ltr'>adjacencia</span> <span class='ocrx_word' id='word_1_242' title='bbox 1449 4095 1520 4146; x_wconf 83' lang='lat' dir='ltr'>nec</span> <span class='ocrx_word' id='word_1_243' title='bbox 1542 4089 1621 4146; x_wconf 89' lang='lat' dir='ltr'>non</span> <span class='ocrx_word' id='word_1_244' title='bbox 1641 4063 1742 4146; x_wconf 83' lang='lat' dir='ltr'>infru</span> <span class='ocrx_word' id='word_1_245' title='bbox 1761 4067 1986 4145; x_wconf 87' lang='lat' dir='ltr'>Comitatus</span> <span class='ocrx_word' id='word_1_246' title='bbox 2006 4067 2153 4144; x_wconf 83' lang='lat' dir='ltr'>nostrus</span> 
     </span>
     <span class='ocr_line' id='line_1_30' title="bbox 737 4188 2155 4296; baseline -0.001 -28"><span class='ocrx_word' id='word_1_247' title='bbox 737 4195 856 4270; x_wconf 81' lang='lat' dir='ltr'>Oxou</span> <span class='ocrx_word' id='word_1_248' title='bbox 877 4213 915 4272; x_wconf 90' lang='lat' dir='ltr'>et</span> <span class='ocrx_word' id='word_1_249' title='bbox 936 4193 1055 4274; x_wconf 85' lang='lat' dir='ltr'>Berks</span> <span class='ocrx_word' id='word_1_250' title='bbox 1075 4193 1376 4275; x_wconf 87' lang='lat' dir='ltr'>conservandam</span> <span class='ocrx_word' id='word_1_251' title='bbox 1392 4192 1574 4271; x_wconf 90' lang='lat' dir='ltr'>omnium</span> <span class='ocrx_word' id='word_1_252' title='bbox 1597 4207 1636 4268; x_wconf 88' lang='lat' dir='ltr'>et</span> <span class='ocrx_word' id='word_1_253' title='bbox 1660 4214 2005 4296; x_wconf 86' lang='lat' dir='ltr'>quorumcumque</span> <span class='ocrx_word' id='word_1_254' title='bbox 2033 4188 2155 4268; x_wconf 80' lang='lat' dir='ltr'>scola-</span> 
     </span>
     <span class='ocr_line' id='line_1_31' title="bbox 736 4310 2152 4420; baseline -0.001 -29"><span class='ocrx_word' id='word_1_255' title='bbox 736 4315 877 4393; x_wconf 90' lang='lat' dir='ltr'>larium</span> <span class='ocrx_word' id='word_1_256' title='bbox 907 4317 938 4420; x_wconf 89' lang='lat' dir='ltr'>ej</span> <span class='ocrx_word' id='word_1_257' title='bbox 946 4317 1079 4396; x_wconf 90' lang='lat' dir='ltr'>usdem</span> <span class='ocrx_word' id='word_1_258' title='bbox 1098 4317 1368 4398; x_wconf 84' lang='lat' dir='ltr'>Universrtatis</span> <span class='ocrx_word' id='word_1_259' title='bbox 1388 4315 1625 4394; x_wconf 83' lang='lat' dir='ltr'>servientum</span> <span class='ocrx_word' id='word_1_260' title='bbox 1641 4331 1685 4391; x_wconf 86' lang='lat' dir='ltr'>et</span> <span class='ocrx_word' id='word_1_261' title='bbox 1706 4310 1973 4391; x_wconf 87' lang='lat' dir='ltr'>ministrorum</span> <span class='ocrx_word' id='word_1_262' title='bbox 1992 4311 2152 4390; x_wconf 86' lang='lat' dir='ltr'>suorum</span> 
     </span>
     <span class='ocr_line' id='line_1_32' title="bbox 737 4434 2156 4548; baseline -0.002 -33"><span class='ocrx_word' id='word_1_263' title='bbox 737 4457 777 4515; x_wconf 91' lang='lat' dir='ltr'>et</span> <span class='ocrx_word' id='word_1_264' title='bbox 796 4441 976 4516; x_wconf 89' lang='lat' dir='ltr'>omnium</span> <span class='ocrx_word' id='word_1_265' title='bbox 997 4440 1158 4519; x_wconf 88' lang='lat' dir='ltr'>aliarum</span> <span class='ocrx_word' id='word_1_266' title='bbox 1179 4439 1427 4548; x_wconf 86' lang='lat' dir='ltr'>personarum</span> <span class='ocrx_word' id='word_1_267' title='bbox 1448 4437 1495 4515; x_wconf 94' lang='lat' dir='ltr'>de</span> <span class='ocrx_word' id='word_1_268' title='bbox 1515 4435 1576 4514; x_wconf 86' lang='lat' dir='ltr'>vel</span> <span class='ocrx_word' id='word_1_269' title='bbox 1596 4435 1665 4514; x_wconf 88' lang='lat' dir='ltr'>sub</span> <span class='ocrx_word' id='word_1_270' title='bbox 1686 4434 1816 4543; x_wconf 83' lang='lat' dir='ltr'>aliquo</span> <span class='ocrx_word' id='word_1_271' title='bbox 1831 4435 2036 4543; x_wconf 85' lang='lat' dir='ltr'>privilegio</span> <span class='ocrx_word' id='word_1_272' title='bbox 2052 4434 2156 4513; x_wconf 70' lang='lat' dir='ltr'>diste</span> 
     </span>
     <span class='ocr_line' id='line_1_33' title="bbox 738 4555 2158 4670; baseline -0.001 -32"><span class='ocrx_word' id='word_1_273' title='bbox 738 4555 1008 4639; x_wconf 83' lang='lat' dir='ltr'>Universrtatis</span> <span class='ocrx_word' id='word_1_274' title='bbox 1029 4565 1097 4670; x_wconf 94' lang='lat' dir='ltr'>qui</span> <span class='ocrx_word' id='word_1_275' title='bbox 1118 4591 1221 4642; x_wconf 93' lang='lat' dir='ltr'>nunc</span> <span class='ocrx_word' id='word_1_276' title='bbox 1242 4563 1329 4642; x_wconf 91' lang='lat' dir='ltr'>sunt</span> <span class='ocrx_word' id='word_1_277' title='bbox 1349 4577 1388 4638; x_wconf 92' lang='lat' dir='ltr'>et</span> <span class='ocrx_word' id='word_1_278' title='bbox 1403 4559 1657 4669; x_wconf 87' lang='lat' dir='ltr'>imposterum</span> <span class='ocrx_word' id='word_1_279' title='bbox 1672 4575 1791 4636; x_wconf 89' lang='lat' dir='ltr'>erunt</span> <span class='ocrx_word' id='word_1_280' title='bbox 1808 4573 1850 4636; x_wconf 92' lang='lat' dir='ltr'>et</span> <span class='ocrx_word' id='word_1_281' title='bbox 1868 4555 2071 4664; x_wconf 85' lang='lat' dir='ltr'>cujussibet</span> <span class='ocrx_word' id='word_1_282' title='bbox 2085 4581 2158 4636; x_wconf 84' lang='lat' dir='ltr'>eo·</span> 
     </span>
     <span class='ocr_line' id='line_1_34' title="bbox 683 4673 2159 4791; baseline -0.001 -33"><span class='ocrx_word' id='word_1_283' title='bbox 683 4673 694 4692; x_wconf 84' lang='lat'><em>&#39;</em></span> <span class='ocrx_word' id='word_1_284' title='bbox 739 4707 827 4761; x_wconf 92' lang='lat' dir='ltr'>rum</span> <span class='ocrx_word' id='word_1_285' title='bbox 845 4709 1008 4762; x_wconf 92' lang='lat' dir='ltr'>necnon</span> <span class='ocrx_word' id='word_1_286' title='bbox 1025 4710 1365 4791; x_wconf 88' lang='lat' dir='ltr'>quarumcumque</span> <span class='ocrx_word' id='word_1_287' title='bbox 1385 4683 1548 4760; x_wconf 84' lang='lat' dir='ltr'>aliarum</span> <span class='ocrx_word' id='word_1_288' title='bbox 1566 4679 1817 4790; x_wconf 90' lang='lat' dir='ltr'>personarum</span> <span class='ocrx_word' id='word_1_289' title='bbox 1832 4706 1971 4788; x_wconf 88' lang='lat' dir='ltr'>pacem</span> <span class='ocrx_word' id='word_1_290' title='bbox 1991 4680 2159 4761; x_wconf 87' lang='lat' dir='ltr'>nostram</span> 
     </span>
    </p>
   </div>
   <div class='ocr_carea' id='block_1_3' title="bbox 1100 4905 1793 4982">
    <p class='ocr_par' dir='ltr' id='par_1_3' title="bbox 1100 4905 1793 4982">
     <span class='ocr_line' id='line_1_35' title="bbox 1100 4905 1793 4982; baseline -0.009 -15"><span class='ocrx_word' id='word_1_291' title='bbox 1100 4908 1352 4970; x_wconf 84' lang='lat' dir='ltr'>VARIAE</span> <span class='ocrx_word' id='word_1_292' title='bbox 1393 4905 1793 4982; x_wconf 80' lang='lat' dir='ltr'><strong>LECTIONES.</strong></span> 
     </span>
    </p>
   </div>
   <div class='ocr_carea' id='block_1_4' title="bbox 781 5062 2165 5225">
    <p class='ocr_par' dir='ltr' id='par_1_4' title="bbox 781 5062 2165 5225">
     <span class='ocr_line' id='line_1_36' title="bbox 781 5062 2125 5223; baseline -0.001 -100"><span class='ocrx_word' id='word_1_293' title='bbox 781 5071 792 5100; x_wconf 77' lang='lat'>⁸</span> <span class='ocrx_word' id='word_1_294' title='bbox 814 5065 940 5146; x_wconf 87' lang='lat' dir='ltr'>Wolsey.</span> <span class='ocrx_word' id='word_1_295' title='bbox 976 5067 1017 5127; x_wconf 88' lang='lat' dir='ltr'>H.</span> <span class='ocrx_word' id='word_1_296' title='bbox 1034 5067 1165 5145; x_wconf 81' lang='lat' dir='ltr'>f01.179.</span> <span class='ocrx_word' id='word_1_297' title='bbox 1489 5062 1501 5102; x_wconf 87' lang='lat' dir='ltr'>t</span> <span class='ocrx_word' id='word_1_298' title='bbox 1520 5067 1634 5142; x_wconf 74' lang='lat' dir='ltr'>deesset.</span> <span class='ocrx_word' id='word_1_299' title='bbox 1655 5063 1695 5122; x_wconf 88' lang='lat' dir='ltr'>H.</span> <span class='ocrx_word' id='word_1_300' title='bbox 1716 5063 1770 5123; x_wconf 85' lang='lat' dir='ltr'>sol.</span> <span class='ocrx_word' id='word_1_301' title='bbox 1788 5079 1855 5144; x_wconf 82' lang='lat'>179.</span> <span class='ocrx_word' id='word_1_302' title='bbox 2104 5143 2125 5223; x_wconf 72' lang='lat' dir='ltr'>s</span> 
     </span>
     <span class='ocr_line' id='line_1_37' title="bbox 2035 5170 2165 5225; baseline -0.008 0"><span class='ocrx_word' id='word_1_303' title='bbox 2035 5171 2102 5225; x_wconf 76' lang='lat' dir='ltr'>VCl&#39;</span> <span class='ocrx_word' id='word_1_304' title='bbox 2121 5170 2165 5224; x_wconf 65' lang='lat' dir='ltr'>U!</span> 
     </span>
    </p>
   </div>
   <div class='ocr_carea' id='block_1_5' title="bbox 0 0 2587 6544">
    <p class='ocr_par' dir='ltr' id='par_1_5' title="bbox 0 0 2587 6544">
     <span class='ocr_line' id='line_1_38' title="bbox 0 0 2587 6544; baseline 0 0"><span class='ocrx_word' id='word_1_305' title='bbox 0 0 2587 6544; x_wconf 95' lang='lat' dir='ltr'> </span> 
     </span>
    </p>
   </div>
  </div>
 </body>
</html>
