5118 6544
919 578 957 669 I.
1028 575 1264 670 EDW.
1314 573 1399 670 IV.
1765 581 1773 597 '
1956 611 2020 708 45

443 761 486 838 in
513 755 699 838 omnibus
730 754 974 837 libertatibus
1005 771 1045 835 et
1074 755 1288 866 privilegiis
1307 757 1381 837 suis
1395 757 1510 862 juxta
1528 751 1611 832 vim
1630 751 1801 836 formam
1828 778 1868 841 et

448 879 634 960 effessum
664 879 876 959 eorundem
901 895 1103 988 protegere
1131 897 1171 958 et
1198 877 1405 958 defendere
1434 897 1472 956 et
1504 903 1641 956 omnes
1670 878 1871 994 ambigui-

447 1020 545 1082 tates
567 1029 611 1080 ac
630 1001 902 1082 controversras
922 999 1147 1081 infuturum
1167 1001 1294 1080 delere
1313 1000 1486 1081 volentes
1507 998 1559 1077 ob
1581 999 1660 1078 Dei
1691 1026 1872 1080 reveren-

451 1125 554 1203 ciam
568 1151 611 1204 ac
627 1125 670 1202 in
688 1121 947 1203 Univerfitate
965 1123 1139 1232 predista
1158 1123 1405 1203 studencium
1425 1139 1683 1228 augmentum
1700 1140 1740 1199 et
1766 1123 1873 1202 mul-

449 1246 741 1353 tiplicacionem
778 1244 1002 1324 infuturum
1037 1272 1189 1325 necnon
1230 1245 1281 1326 ob
1318 1244 1523 1353 specialem
1553 1233 1565 1280 f
1601 1260 1640 1322 et
1676 1244 1878 1326 internam

453 1365 709 1447 affeccionem
729 1384 769 1445 et
788 1367 1045 1447 dileccionem
1067 1395 1186 1474 quam
1207 1370 1254 1446 ad
1281 1367 1483 1474 personam
1503 1365 1750 1474 precarissrmi
1777 1393 1876 1446 con-

449 1487 647 1596 sanguinei
678 1488 796 1567 nostri
817 1516 861 1568 ae
880 1489 1109 1569 venerabilis
1129 1493 1171 1569 in
1194 1489 1350 1569 Christo
1370 1491 1488 1597 patris
1509 1488 1673 1606 Georgii
1694 1488 1878 1598 Episcopi

448 1611 564 1689 Exon
597 1611 829 1691 Cancellarii
860 1612 1130 1691 Universrtatis
1161 1612 1332 1718 predidte
1360 1611 1435 1690 suis
1455 1610 1704 1718 exigentibus
1724 1612 1873 1690 meritis

447 1749 486 1810 et
519 1731 714 1840 obsequiis
743 1736 915 1840 gerimus
950 1756 989 1813 et
1014 1732 1205 1812 habemus
1225 1733 1274 1812 de
1291 1735 1420 1840 gracia
1439 1731 1565 1810 nostra
1585 1731 1740 1838 speciali
1759 1732 1872 1812 volu-

448 1879 537 1932 mus
567 1856 821 1934 concedimus
855 1874 895 1933 et
927 1854 1033 1934 bac‘
1065 1854 1232 1961 presenti
1259 1874 1364 1933 carta
1400 1853 1526 1933 nostra
1565 1853 1805 1932 declaramus
1832 1869 1873 1931 et

447 1971 726 2056 confirmamus
747 2004 818 2083 pro
838 1977 949 2055 nobis
969 1995 1007 2055 et
1027 1973 1236 2056 heredibus
1256 1975 1392 2054 nostris
1412 1993 1605 2082 quantum
1625 1976 1666 2052 in
1687 1975 1799 2056 nobis
1816 1975 1872 2054 est

446 2096 553 2202 quod
585 2100 808 2206 procinctus
826 2099 1092 2178 Univerfitatis
1112 2099 1284 2206 prediste
1304 2098 1496 2176 limitetur
1515 2088 1611 2176 fiat¹²
1626 2097 1671 2175 srt
1690 2115 1729 2174 et
1747 2097 1784 2175 se
1803 2121 1874 2175 ex-

446 2219 582 2297 tendat
611 2219 659 2298 ab
686 2221 866 2300 orientali
893 2239 1000 2328 parte
1020 2219 1190 2325 ejusdem
1210 2220 1441 2325 ville-usque
1461 2220 1507 2296 ad
1529 2217 1735 2327 Hospitale
1753 2218 1874 2299 saneti

443 2336 710 2418 Bartholomei
725 2343 840 2445 juxta
860 2343 979 2420 Oxon
1000 2358 1039 2417 et
1059 2341 1106 2419 ab
1126 2340 1361 2421 occidentali
1379 2355 1488 2448 parte
1509 2340 1628 2449 usque
1660 2340 1707 2418 ad
1737 2339 1873 2419 villam

444 2460 492 2538 de
511 2461 674 2566 Boteley
693 2479 732 2540 et
754 2479 903 2570 aparte
922 2461 1067 2542 boreali
1087 2463 1259 2568 ejusdem
1279 2463 1370 2542 ville
1390 2463 1509 2570 usque
1537 2462 1584 2540 ad
1604 2453 1613 2500 ⁵
1619 2479 1781 2568 portum
1800 2487 1871 2539 vo-

444 2599 579 2661 catum
611 2582 825 2662 Godstowe
844 2585 996 2692 Brygge
1016 2602 1055 2662 et
1077 2584 1127 2662 ab
1155 2583 1309 2665 australi
1328 2602 1437 2692 parte
1457 2583 1631 2688 ejusdem
1647 2583 1739 2662 ville
1753 2582 1873 2691 usque

447 2703 496 2782 ad
528 2703 726 2809 quendam
746 2704 909 2784 boscum
937 2723 1120 2787 vocatum
1140 2705 1283 2814 Bagley
1303 2724 1343 2783 et
1368 2707 1420 2784 sic
1447 2706 1490 2783 in
1509 2705 1679 2785 circuitu
1698 2732 1767 2813 per
1786 2706 1876 2784 loca

442 2826 620 2932 predista
635 2845 675 2907 et
690 2828 910 2936 quemlibet
921 2829 1055 2907 locum
1072 2828 1287 2906 eorundem
1299 2829 1595 2934 imperpetuum
1670 2831 1732 2904 Ac
1748 2831 1875 2907 eciam
1913 2813 1947 2916 h·
1973 2836 2041 2918 9²·

441 2946 623 3029 volumus
639 2970 679 3026 et
694 2951 947 3028 concedimus
962 2966 1003 3026 et
1021 2939 1128 3023 hack
1138 2947 1305 3052 presenti
1323 2965 1427 3024 carta
1446 2946 1573 3023 nostra
1592 2946 1871 3027 confirmamus

443 3092 517 3173 pro
550 3067 663 3144 nobis
693 3086 731 3144 et
765 3065 974 3146 heredibus
1002 3066 1138 3146 nostris
1161 3084 1354 3173 quantum
1380 3068 1422 3146 in
1451 3066 1562 3146 nobis
1582 3067 1637 3146 est
1657 3069 1761 3174 quod
1781 3097 1871 3179 pre-

445 3187 572 3268 dictus
606 3189 868 3268 Cancellarius
904 3207 942 3268 et
968 3187 1192 3268 successores
1224 3189 1281 3268 sui
1301 3216 1345 3267 ac
1374 3215 1513 3268 corum
1529 3190 1806 3271 'Commiffarii
1831 3211 1876 3273 et

442 3309 756 3391 locumtenentes
783 3311 918 3390 omnia
946 3330 986 3390 et
1013 3310 1160 3418 singula
1191 3310 1389 3390 libertates
1419 3329 1459 3389 et
1477 3313 1679 3420 privilegia
1698 3315 1878 3421 predista

440 3449 524 3511 tam
551 3434 593 3510 in
624 3433 818 3539 presencia
843 3458 962 3538 quam
981 3434 1023 3510 in
1043 3432 1219 3512 absencia
1239 3432 1366 3512 nostra
1384 3450 1423 3512 et
1442 3431 1633 3514 heredum
1652 3437 1874 3516 nostrorum

441 3553 545 3632 infra
563 3551 788 3658 hujusmodi
806 3555 1053 3662 procinslum
1072 3556 1174 3633 diste
1194 3555 1463 3634 Univerfitatis
1483 3583 1552 3663 per
1568 3583 1637 3636 nos
1653 3557 1704 3636 fic
1720 3556 1871 3637 fastum

440 3694 479 3754 et
511 3675 729 3754 limitatum
764 3678 1057 3784 imperpetuum
1086 3674 1255 3756 habeant
1275 3695 1315 3754 et
1335 3695 1492 3756 teneant
1511 3706 1556 3757 ac
1576 3681 1630 3756 eis
1661 3697 1701 3757 et
1731 3707 1869 3759 eorum

442 3797 619 3904 quolibet
654 3794 766 3904 plene
801 3799 995 3904 gaudeant
1015 3817 1054 3877 et
1073 3816 1234 3879 utantur
1353 3801 1424 3878 Eu·
1447 3802 1553 3907 quod
1572 3803 1679 3880 idem
1699 3802 1869 3882 Cancel·
1909 3802 1943 3904 §.
1965 3827 2032 3908 93.

437 3917 556 3998 larius
575 3937 615 3997 et
635 3918 859 3998 successores
878 3919 935 3998 sui
952 3945 996 3998 ac
1027 3947 1165 4000 eorum
1200 3919 1462 4001 Commissarii
1490 3941 1528 4000 et
1558 3923 1870 4003 locumtenentes

441 4057 524 4120 tam
544 4043 586 4119 in
607 4039 803 4149 presencia
821 4040 949 4119 nostra
969 4069 1088 4149 quam
1108 4045 1149 4122 in
1167 4042 1344 4122 absencia
1363 4041 1490 4123 nostra
1509 4063 1549 4123 et
1568 4043 1758 4124 heredum
1779 4047 1868 4126 nos·

438 4180 591 4242 trorum
622 4179 704 4242 tam
735 4162 783 4241 de
817 4161 1041 4268 hujusmodi
1081 4162 1437 4272 transgreffionibus
1476 4185 1516 4245 et
1553 4168 1866 4275 mesprisronibus

439 4311 558 4390 quam
593 4285 642 4363 de
673 4285 955 4364 extorsronibus
980 4287 1215 4394 ignoranciis
1249 4287 1506 4394 negligenciis
1527 4290 1739 4370 exceffibus
1768 4318 1866 4371 con-

437 4406 716 4512 spiracionibus
751 4406 1137 4488 confederacionibus
1168 4409 1441 4517 cambiparciis
1471 4412 1740 4492 ambidextriis
1778 4440 1869 4492 ma-

438 4530 680 4609 nutenenciis
700 4528 801 4610 falfis
821 4531 1037 4640 alliganciis
1060 4532 1311 4613 nocumentis
1332 4530 1567 4614 forstallariis
1587 4535 1802 4643 regratariis
1824 4560 1867 4614 ac

798 4755 1051 4817 VARIAE
1104 4756 1500 4819 LECTIONES.

475 4870 489 4912 f
506 4875 582 4949 deest,
601 4887 630 4932 et
645 4875 799 4939 internam.
822 4879 1014 4942 H.s01·.166.
1216 4881 1224 4920 ¹
1244 4897 1374 4959 pontem.
1396 4881 1437 4940 H.
1453 4881 1504 4940 sol.
1518 4879 1587 4939 166.

471 4965 571 5040 *deest
591 4965 729 5042 presenti.
751 4967 793 5023 H.
809 4968 860 5030 sol.
875 4970 943 5030 1⁶6.
1213 4969 1228 5008 ¹
1248 4974 1313 5050 deest
1333 4971 1468 5050 presenti.
1497 4968 1693 5029 H.f01.166.

470 5051 485 5094 ὓ
505 5056 569 5131 deest
582 5055 625 5117 fit.
646 5053 689 5116 H.
702 5055 754 5117 sul.
771 5055 840 5116 166.

1761 5168 1860 5226 om·
