5118 6544
886 594 1018 694 XIV.
1087 588 1141 694 H
1175 597 1217 694 E
1251 593 1318 697 N.
1391 593 1522 693 VIII.

504 774 583 858 fine
609 775 670 855 vel
690 771 807 856 feodo
827 801 973 886 magno
990 771 1053 854 vel
1071 798 1191 883 parvo
1209 775 1252 854 in
1268 774 1510 856 Cancellaria
1528 771 1655 856 nostra
1669 771 1731 854 vel
1747 773 1787 855 in
1806 770 1932 858 hana-

375 955 377 960 ψ
505 898 615 1010 perio
634 899 873 981 Concellarie
891 897 1019 978 nostre
1037 897 1086 977 ad
1104 924 1203 1006 opus
1225 897 1402 980 nostrum
1417 899 1477 980 vel
1496 895 1687 978 heredum
1707 897 1930 982 nostrorum

503 1022 688 1103 solvendo
707 1020 770 1102 seu
792 1021 988 1102 reddendo
1011 1018 1208 1101 Volumus
1236 1021 1363 1101 eciam
1389 1021 1604 1102 Custodem
1634 1021 1709 1101 five
1740 1022 1930 1104 clericum

503 1142 706 1252 hanaperii
732 1145 850 1224 nostri
876 1142 1044 1254 predisti
1061 1144 1104 1224 in
1126 1161 1317 1254 computo
1335 1145 1403 1225 suo
1422 1144 1469 1225 ad
1491 1146 1733 1226 Scaccarium
1753 1144 1928 1230 nostrum

501 1267 595 1347 inde
625 1269 826 1346 exonerari
852 1293 923 1376 per
952 1266 1146 1377 presentes
1255 1268 1320 1347 Eo
1353 1293 1479 1369 ouon
1506 1266 1678 1377 expressa
1696 1269 1852 1347 mencio
1877 1269 1928 1347 de

502 1415 595 1469 vero
610 1390 739 1470 valore
757 1415 888 1470 annuo
906 1406 975 1469 aut
989 1389 1038 1470 de
1056 1388 1292 1471 certitudine
1307 1389 1578 1506 premissorum
1601 1391 1677 1471 five
1695 1415 1832 1472 eorum
1851 1390 1926 1469 ali-

380 1507 382 1511 ’
501 1513 614 1619 cujus
634 1530 701 1593 aut
716 1513 765 1592 de
784 1513 868 1592 aliis
887 1513 999 1594 donis
1018 1514 1094 1594 five
1117 1513 1425 1596 conceffionibus
1450 1541 1520 1623 per
1542 1540 1613 1593 nos
1642 1529 1709 1594 aut
1737 1513 1926 1622 progeni-

500 1653 603 1714 tores
622 1635 697 1716 five
714 1635 991 1744 predecessores
1010 1637 1158 1717 nostros
1176 1635 1336 1746 prefatis
1366 1636 1613 1717 cancellario
1636 1655 1678 1715 et
1701 1634 1923 1716 Scolaribus

502 1773 593 1839 ante
611 1754 686 1838 hec
706 1775 884 1867 tempora
902 1756 1014 1838 fastis
1032 1761 1074 1838 in
1093 1759 1334 1869 presentibus
1362 1759 1530 1839 minime
1557 1757 1670 1837 fastis
1700 1756 1829 1836 existit
1856 1765 1925 1837 aut

499 1879 635 1987 aliquo
654 1880 796 1960 statuto
811 1884 899 1960 astu
918 1883 1167 1964 ordinacione
1182 1881 1389 1991 privisrone
1405 1880 1471 1962 seu
1489 1881 1734 1977 restriccione
1750 1877 1841 1958 inde
1849 1880 1923 1958 in-

499 2004 741 2082 contrarium
760 2001 864 2083 sacto
883 2004 989 2084 edito
1001 2004 1181 2086 ordinato
1193 2004 1270 2086 five
1283 2004 1435 2114 proviso
1450 2022 1517 2085 aut
1532 2005 1663 2115 aliqua
1676 2002 1751 2083 alia
1764 2002 1927 2082 materia

501 2149 543 2202 re
557 2126 618 2203 vel
637 2125 747 2205 causa
766 2153 1016 2236 quacumque
1035 2131 1077 2209 in
1096 2129 1229 2236 aliquo
1248 2155 1329 2208 non
1349 2127 1526 2208 obstante
1634 2127 1686 2208 Iu
1705 2149 1848 2230 quus
1867 2125 1925 2204 rei

500 2245 770 2327 testimonium
789 2247 857 2328 has
877 2251 1006 2331 literas
1024 2251 1171 2333 nostras
1189 2251 1274 2332 fieri
1291 2249 1458 2331 fecimus
1471 2264 1649 2359 patentes
1758 2247 1920 2327 Tssru

502 2367 577 2447 Me
596 2370 678 2480 ipso
697 2372 799 2481 apud
818 2372 1209 2458 westmonasterium
1238 2373 1454 2486 primodie
1481 2359 1634 2480 Aprilis
1662 2371 1783 2448 Anno
1811 2370 1924 2477 regni

497 2492 619 2574 nostri
639 2493 935 2602 quartodecimo

1291 2611 1347 2676 Per
1359 2609 1452 2692 ipsum
1465 2607 1576 2686 Regem
1590 2605 1669 2666 etde
1683 2602 1741 2666 dtt’
1754 2593 1882 2684 predish

1391 2689 1570 2750 sonoritate
1582 2687 1780 2750 Perlirmeuti.

2025 631 2089 734 75
