5118 6544
560 642 621 735 50

522 2894 557 2994 ς.
583 2913 671 2994 103.

482 3027 668 3085 Confirmatio

482 3110 584 3164 Cariae
597 3108 682 3182 Regis

482 3188 549 3244 Heri
576 3187 613 3244 6⁵.
629 3189 665 3244 dc

482 3266 655 3325 mundandis

485 3347 577 3415 Vicis,
592 3354 645 3406 ἃς.

483 3446 558 3482 anno
573 3428 667 3504 Regni

485 3513 549 3579 iff

1084 605 1608 698 CARTA.

706 785 761 864 sas
792 781 1003 861 consessum
1037 783 1082 860 fit
1111 781 1256 860 eisdem
1290 780 1396 888 quod
1430 783 1535 859 idem
1556 779 1819 860 Cancellarius
1839 784 2131 892 imperpetuum

704 904 1067 983 habeatcustodiarn
1082 905 1183 982 affise
1192 905 1301 1011 panis
1315 905 1395 982 viiii
1407 922 1445 982 et
1456 904 1599 981 servisie
1612 931 1655 982 ac
1667 906 1956 983 correccionem
1966 911 2130 1015 etpuni-

701 1029 858 1105 cionem
869 1025 1039 1131 ejusdem
1052 1026 1153 1105 infra
1166 1025 1310 1105 diuam
1325 1025 1458 1104 villam
1469 1026 1586 1104 Oxon
1603 1045 1642 1104 et
1658 1025 1838 1104 suburbia
1851 1029 2020 1132 ejusdem
2038 1058 2132 1111 cum

704 1149 847 1231 finibus
866 1151 1175 1227 amerciamentis
1193 1169 1230 1227 et
1251 1149 1333 1227 aliis
1350 1147 1533 1256 proficuis
1546 1149 1864 1256 provenientibus
1884 1153 1925 1228 in
1945 1151 2019 1230 hac
2040 1180 2131 1260 par-

709 1293 748 1350 te
768 1272 964 1350 reddendo
984 1272 1142 1377 prefatis
1162 1270 1474 1380 progenitoribus
1496 1272 1630 1349 nostris
1651 1289 1690 1347 et
1709 1268 1916 1350 heredibus
1937 1274 2012 1353 suis
2035 1302 2134 1354 cen·

708 1413 796 1472 tuni
831 1394 969 1473 solidos
1007 1397 1208 1473 annuatim
1264 1392 1359 1471 Nos
1400 1393 1572 1471 volentes
1609 1392 1768 1501 prefatis
1804 1395 2045 1474 Cancellario
2091 1416 2130 1475 et

709 1517 925 1594 Scolaribus
945 1519 1116 1623 graciam
1136 1519 1177 1594 in
1192 1515 1265 1595 hac
1286 1533 1394 1623 parte
1412 1514 1539 1593 facere
1555 1515 1786 1624 ampliorem
1800 1517 1849 1594 de
1862 1519 1991 1624 gracia
2005 1518 2133 1596 nostra

708 1638 861 1745 speciali
881 1639 1061 1716 dedimus
1093 1638 1346 1717 concessimus
1375 1665 1418 1715 ac
1448 1637 1678 1717 remiffimus
1707 1659 1747 1718 et
1775 1640 2032 1719 relaxavimus
2063 1669 2135 1747 pro

707 1761 822 1837 nobis
839 1780 878 1838 et
897 1759 1105 1839 heredibus
1126 1761 1261 1838 nostris
1282 1761 1462 1866 predislis
1483 1779 1676 1867 quantum
1696 1763 1736 1839 in
1757 1763 1870 1840 nubis
1890 1762 1961 1840 est'
1972 1763 2132 1869 prefatis

709 1883 952 1961 Cancellario
964 1903 1002 1961 et
1014 1883 1232 1960 Scolaribus
1249 1909 1291 1959 ac
1302 1881 1573 1960 successoribus
1586 1882 1679 1960 suis'
1688 1883 1881 1990 predictos
1895 1904 2056 1963 centum
2071 1887 2131 1962 so-

708 2003 806 2083 lidos
828 2006 939 2083 nobis
959 2024 997 2084 et
1021 2004 1228 2083 heredibus
1250 2004 1385 2082 nostris
1406 2004 1455 2082 fic
1476 2023 1519 2082 ut
1539 2006 1782 2113 premittitur
1801 2008 2004 2085 annuatim
2021 2007 2133 2085 tred-

709 2127 856 2204 dendos
877 2128 1090 2205 Habendos
1107 2145 1147 2204 et
1159 2127 1428 2234 percipiendos
1443 2127 1586 2206 eisdem
1605 2129 1848 2207 Cancellario
1863 2147 1901 2206 et
1918 2129 2134 2209 Scolaribus

709 2268 750 2326 et
782 2249 1053 2327 successoribus
1085 2249 1159 2326 suis
1181 2251 1228 2326 ad
1248 2276 1503 2328 communem
1524 2252 1735 2330 utilitatem
1755 2252 2024 2332 Universitatis
2043 2280 2135 2361 pre-

710 2372 813 2468 diste
833 2374 1125 2477 imperpetuum
1182 2371 1241 2448 Ita
1261 2371 1366 2476 quod
1386 2371 1455 2478 ipsi
1476 2389 1514 2448 et
1534 2369 1758 2449 successores
1786 2371 1843 2448 sui
1870 2375 1983 2450 nobis
2004 2395 2042 2451 et
2062 2375 2133 2451 he·

710 2493 867 2571 redibus
897 2493 1033 2571 nostris
1054 2494 1237 2600 predislis
1258 2495 1305 2570 ad
1328 2494 1558 2571 scaccarium
1579 2492 1749 2571 nostrum
1772 2511 1811 2569 et
1833 2490 2023 2572 heredum
2045 2496 2135 2573 nos-

711 2634 861 2696 trorum
878 2643 948 2722 pro
961 2613 1182 2720 hujusmodi
1196 2615 1368 2693 custodia
1380 2634 1418 2691 et
1433 2618 1642 2721 punicione
1657 2642 1780 2693 unum
1797 2614 1999 2693 denarium
2016 2617 2135 2694 dum-

711 2757 817 2818 taxat
837 2740 979 2845 absque
999 2740 1101 2844 pluri
1121 2738 1168 2814 ad
1184 2735 1326 2814 festum
1348 2737 1465 2815 sancii
1486 2736 1696 2815 Michaelis
1718 2737 1876 2844 singulis
1892 2739 2002 2816 annis
2020 2739 2136 2818 dece-

711 2881 793 2940 tero
810 2861 955 2938 solvant
972 2879 1010 2937 et
1025 2860 1490 2965 reddantiniperpetuum
1601 2861 1671 2938 Er
1697 2883 1895 2938 insursu
1918 2887 2011 2939 cum
2029 2864 2136 2940 Cari-

713 2981 890 3063 cellarius
907 3001 945 3060 et
967 2982 1138 3059 Scolares
1159 2981 1428 3058 Universitaris
1448 2977 1621 3087 predisie
1642 2983 1690 3056 ab
1705 2983 1866 3087 antiquo
1877 2981 2046 3061 habeant
2060 3012 2137 3092 pu-

714 3108 912 3186 nicionem
931 3122 970 3184 et
989 3106 1279 3183 correccionem
1309 3129 1377 3210 per
1397 3102 1574 3180 censuras
1593 3102 1861 3182 ecclesiasticas
1881 3104 2038 3183 illorum
2069 3109 2138 3212 qui

712 3249 869 3309 truncos
890 3248 1014 3337 petras
1036 3247 1176 3306 terram
1197 3225 1338 3304 fimum
1363 3225 1426 3304 seu
1445 3225 1594 3331 aliquas
1615 3224 1706 3302 alias
1726 3225 1852 3303 sordes
1873 3245 1939 3304 aut
1957 3226 2136 3308 feditates

712 3355 751 3435 in
772 3353 867 3432 vicis
882 3350 983 3430 infra
1002 3351 1147 3429 dictam
1167 3348 1304 3427 villam
1324 3349 1445 3426 Oxou
1464 3365 1505 3424 et
1522 3346 1706 3424 suburbia
1725 3346 1896 3451 ejusdem
1916 3369 2070 3454 ponunt
2097 3372 2137 3432 et

714 3476 925 3584 projiciunt
953 3500 1029 3580 que
1049 3473 1212 3580 quidem
1231 3472 1392 3579 punicio
1411 3488 1451 3548 et
1469 3468 1664 3548 correccio
1681 3468 1732 3546 ob
1753 3471 1983 3574 gravitatem
2004 3471 2139 3578 hujus-

715 3600 824 3678 modi
840 3596 1052 3706 periculose
1068 3595 1325 3674 correccionis
1341 3619 1413 3700 pro
1433 3609 1513 3669 tam
1534 3591 1629 3670 exili
1646 3591 1789 3671 delislo
1808 3593 2033 3671 execucioni
2051 3593 2138 3674 sunt

715 3721 920 3829 postposite
952 3721 1135 3828 quodque
1160 3716 1356 3794 occasione
1374 3713 1441 3790 illa
1458 3713 1534 3791 vici
1553 3714 1719 3819 predicti
1734 3740 1827 3791 curn
1850 3715 1997 3793 truncis
2017 3720 2137 3824 petris

714 3843 811 3922 fimo
830 3863 869 3923 et
889 3843 1060 3922 sordibus
1086 3839 1350 3946 adimplentur
1369 3854 1408 3914 et
1422 3835 1692 3943 pavimentum
1709 3835 1750 3912 in
1767 3834 1935 3942 plurima
1953 3837 2017 3915 sua
2033 3859 2141 3945 parte

715 3966 958 4045 eonfradtum
976 3993 1054 4044 nori
1074 3963 1201 4044 solum
1217 3964 1258 4040 in
1275 3959 1505 4038 Cancellarii
1521 3975 1560 4035 et
1579 3956 1794 4036 Scolarium
1808 3961 2072 4065 predistorum
2096 3991 2140 4043 ac

715 4088 882 4166 aliorum
900 4089 1093 4196 ligeorum
1113 4085 1332 4164 nostrorum
1350 4081 1398 4161 ad
1426 4079 1728 4158 Universitatem
1754 4081 1968 4188 predistam
1988 4083 2141 4163 conflu-

715 4213 875 4292 encium
904 4238 1019 4317 grave
1051 4227 1335 4289 nocumentum
1364 4230 1500 4284 verum
1528 4204 1654 4281 eciam
1683 4203 1921 4282 insecciones
1948 4233 2081 4310 graves
2101 4224 2141 4285 et

715 4333 960 4414 infirmitates
982 4359 1049 4440 per
1069 4330 1292 4437 hujusmodi
1305 4329 1577 4436 corrupciones
1598 4325 1871 4435 multipliciter
1890 4329 2140 4434 contigerunt

715 4459 811 4540 Nos
831 4453 1100 4564 premissorum
1119 4453 1425 4532 consideracione
1441 4451 1541 4528 acin
1554 4450 1810 4527 evitacionem
1825 4447 2049 4554 hujusmodi
2065 4477 2139 4528 no·

715 4597 992 4661 cumentorum
1012 4575 1264 4654 concessimus
1280 4573 1438 4682 presatis
1453 4571 1699 4651 Cancellario
1714 4589 1752 4649 et
1768 4570 1985 4651 Scolaribus
2000 4590 2039 4650 et
2054 4572 2139 4650 suc·

717 4701 924 4784 cefforibus
944 4700 1018 4780 suis
1038 4701 1331 4806 imperpetuum
1350 4696 1620 4775 auctoritatem
1643 4713 1683 4773 et
1698 4695 1931 4802 potestatem
1950 4695 1998 4773 ad
2014 4719 2141 4774 amer·

1086 4893 1337 4953 VARIAE
1378 4891 1770 4953 LECTIONES.

759 5018 769 5045 ¹
791 5011 911 5086 prefato.
933 5010 975 5070 H.
991 5005 1041 5064 sol.
1060 5005 1127 5065 168.
1512 5007 1521 5040 ¹
1543 4999 1703 5062 solvendus.
1746 4999 1789 5060 H.
1804 4999 1854 5058 fol.
1875 4998 1941 5059 168.

758 5101 932 5178 'predislia
954 5101 996 5160 H.
1013 5099 1064 5157 sol.
1084 5099 1151 5158 168.
2013 5171 2022 5187 ,
2075 5167 2098 5247 d
2127 5192 2144 5245 s

1986 5195 2073 5249 Class
2101 5194 2124 5245 0
