5118 6544
899 575 950 675 ·Ῐ.
1023 578 1148 677 ED
1183 578 1263 674 W.
1335 581 1426 676 1V.
1960 611 2022 713 33

453 789 594 872 datum
626 785 682 868 est
708 791 722 828 ¹
749 809 819 896 per
851 783 981 894 ipsum
1014 781 1225 866 dominum
1254 782 1502 872 Richarduns
1535 779 1752 893 specialiter
1776 807 1878 866 con·

452 911 600 996 cessum
617 937 689 1020 pro
708 909 746 988 se
764 926 805 989 et
822 906 1032 989 heredibus
1051 907 1170 990 suissa
1187 908 1338 1018 placeat
1349 907 1511 989 domino
1527 907 1631 1014 Regi
1649 903 1756 1014 quod
1769 908 1878 988 ean·

452 1036 631 1116 cellarius
660 1033 763 1114 diste
795 1031 1067 1111 Universrtatis
1096 1032 1167 1139 qui
1196 1059 1269 1140 pro
1290 1047 1474 1139 tempore
1499 1033 1573 1144 erit
1587 1030 1654 1109 rvel
1671 1029 1755 1135 ejus
1775 1031 1878 1110 vices

450 1183 589 1263 gerens
612 1156 715 1237 solus
737 1171 777 1235 et
795 1153 1007 1236 insolidum
1026 1157 1185 1236 nomine
1205 1153 1474 1248 Universitatis
1492 1155 1784 1263 imperpetuum
1803 1148 1878 1232 ha·

417 1291 420 1298 “
452 1281 543 1360 beat
573 1281 617 1360 in
643 1279 750 1360 disto
776 1275 982 1361 hundredo
1010 1276 1086 1358 five
1114 1277 1299 1358 suburbio
1327 1279 1369 1356 in
1389 1275 1517 1358 forma
1536 1277 1708 1388 predista
1726 1277 1878 1381 integre

450 1400 598 1482 affisam
626 1421 667 1483 et
694 1399 848 1484 assaiam
866 1402 976 1510 panis
996 1401 1080 1482 vini
1098 1418 1139 1481 et
1157 1401 1312 1482 cervifie
1331 1426 1375 1480 ac
1394 1401 1568 1482 debitam
1587 1399 1880 1484 correccionem

450 1541 492 1604 et
522 1525 779 1633 punicionem
806 1524 977 1632 ejusdem
997 1521 1100 1604 adise
1118 1521 1238 1604 fracte
1257 1549 1351 1605 curn
1368 1521 1512 1604 finibus
1542 1522 1718 1603 emendis
1747 1544 1878 1604 amer·

448 1646 654 1728 clementis
687 1664 727 1728 et
756 1647 938 1756 proficuis
962 1646 1046 1726 aliis
1064 1646 1157 1728 inde
1175 1645 1495 1756 provenientibus
1606 1646 1721 1729 Htts
1742 1640 1878 1727 omni·
1916 1634 2031 1742 §.bR

448 1767 523 1850 bus
554 1787 595 1848 et
623 1770 783 1879 fingulia
815 1769 1003 1879 premissas
1033 1795 1129 1852 cum
1152 1769 1403 1878 pertinenciis
1432 1767 1553 1849 modo
1572 1785 1613 1850 et
1630 1765 1760 1848 forma
1786 1789 1878 1875 pre-

448 1888 564 1972 dietis
595 1892 877 1975 concordatum
907 1891 962 1974 est
991 1893 1170 1974 unanimi
1199 1890 1384 1975 consensu
1409 1890 1512 1970 inter
1538 1907 1666 2004 partes
1687 1889 1879 1997 predictas

449 2029 491 2092 et
510 2014 726 2122 peripsum
744 2015 952 2098 dominum
971 2012 1216 2096 Richardum
1245 2012 1461 2122 specialiter
1486 2011 1708 2100 concessum
1739 2039 1810 2119 pro
1842 2011 1880 2094 se

449 2151 490 2216 et
506 2133 716 2218 heredibus
735 2137 811 2218 suis
830 2137 859 2218 si
877 2136 1027 2247 placeat
1046 2137 1210 2220 domino
1230 2137 1337 2248 Regi
1365 2136 1473 2243 quod
1504 2136 1609 2222 dieta
1640 2132 1878 2218 Univarfitas

449 2255 572 2338 libere
603 2277 644 2339 et
673 2262 806 2367 quiete
833 2261 932 2340 bene
958 2277 999 2337 et
1015 2260 1058 2341 in
1073 2286 1168 2367 pace
1187 2257 1353 2366 gaudeat
1371 2260 1665 2367 imperpetuum
1684 2273 1724 2336 et
1743 2283 1788 2342 ea
1805 2253 1878 2338 ha-

449 2377 539 2458 beat
570 2379 714 2489 absque
741 2381 1034 2490 inquietatione
1060 2381 1334 2464 molestacione
1361 2380 1426 2466 seu
1443 2379 1759 2466 contradiccione
1779 2405 1881 2492 qua-

449 2527 624 2610 cumque
654 2503 752 2583 dicti
779 2504 932 2586 domini
961 2500 1153 2586 Richardi
1180 2502 1244 2584 vel
1272 2499 1464 2588 heredum
1490 2502 1648 2588 suorum
1667 2527 1736 2608 per
1756 2499 1792 2584 se
1811 2514 1881 2582 aut

449 2621 614 2704 ballivos
633 2625 698 2705 seu
717 2625 914 2706 ministros
934 2622 1020 2706 suos
1039 2625 1102 2706 vel
1121 2625 1216 2708 alios
1237 2625 1506 2734 quoscumque
1554 2625 1609 2708 Et
1629 2623 1772 2731 absque
1798 2619 1877 2708 hoc

449 2745 558 2853 quod
585 2745 712 2829 distus
738 2750 923 2830 dominus
948 2746 1171 2832 Richardus
1201 2749 1265 2834 vel
1297 2746 1458 2832 heredes
1477 2746 1535 2832 sui
1554 2765 1622 2834 aut
1654 2745 1789 2832 ballivi
1816 2743 1880 2830 vel

448 2867 616 2950 ministri
644 2869 702 2952 sui
729 2868 795 2952 seu
822 2869 889 2951 alii
916 2869 1078 2952 nomine
1104 2869 1174 2952 suo
1202 2869 1264 2950 vel
1292 2867 1483 2954 heredum
1511 2868 1669 2952 suorum
1702 2869 1743 2950 in
1773 2866 1881 2949 dioto

448 2987 656 3070 hundredo
683 2992 759 3070 five
783 2989 969 3070 suburbio
987 2991 1030 3068 in
1049 2985 1177 3072 forme
1196 2988 1369 3096 predicta
1386 2989 1436 3070 de
1454 2989 1587 3096 aliquo
1606 2985 1881 3097 premissorum
1938 3028 1944 3040 ·

449 3109 489 3190 se
508 3109 729 3218 aliqualiter
745 3109 1013 3191 intromittant
1073 3111 1144 3192 ΕΤ
1177 3109 1273 3194 licet
1292 3110 1422 3192 didius
1442 3111 1626 3194 dominus
1657 3107 1880 3196 Richardut

448 3230 512 3314 vel
539 3229 701 3314 heredes
729 3233 788 3314 sui
812 3258 897 3314 non
913 3231 1083 3314 debeant
1100 3233 1227 3342 perse
1252 3260 1325 3318 nec
1345 3261 1415 3343 per
1433 3234 1518 3316 suos
1538 3234 1801 3320 intromittere
1831 3231 1882 3316 do

450 3355 583 3464 aliquo
602 3354 874 3464 premissorum
893 3353 978 3436 vult
993 3373 1126 3437 tamen
1145 3355 1226 3465 ipse
1246 3383 1318 3466 pro
1337 3355 1434 3438 sset
1451 3354 1659 3442 heredibus
1679 3355 1754 3440 suis
1773 3355 1882 3468 quod

450 3503 590 3556 omnes
618 3479 661 3556 in
690 3477 796 3558 disto
824 3475 1031 3558 hundredo
1058 3477 1134 3560 five
1161 3477 1348 3564 suburbio
1368 3497 1412 3560 ut
1431 3478 1584 3562 dictum
1603 3479 1658 3560 est
1676 3479 1882 3563 residentes

450 3603 563 3708 super
591 3595 669 3679 biis
692 3599 879 3683 omnibus
898 3615 939 3680 et
953 3599 1114 3708 singulis
1133 3600 1379 3685 Cancellario
1397 3601 1502 3684 dicte
1521 3602 1790 3687 Univerfitatis
1810 3601 1882 3709 qui

451 3749 525 3832 pro
556 3739 733 3832 tempore
764 3726 839 3804 erit
873 3739 1036 3832 pareant
1068 3720 1275 3808 humiliter
1299 3742 1342 3808 et
1369 3725 1576 3810 intendant
1611 3723 1735 3810 Salvis
1773 3724 1881 3806 dieto

451 3841 615 3928 domino
646 3843 846 3926 Richards
874 3862 914 3926 et
941 3842 1152 3930 heredibus
1178 3847 1257 3929 suis
1280 3847 1465 3930 ontnibus
1486 3847 1571 3932 aliis
1597 3847 1753 3955 juribus
1770 3847 1880 3930 dicta

453 3963 661 4048 hundredo
692 3969 768 4050 five
796 3967 974 4049 dominio
1001 3967 1071 4050 suo
1098 3968 1249 4052 ibidem
1277 3969 1562 4078 pertinentibus
1610 3971 1659 4054 In
1685 3969 1798 4077 cujus
1826 3970 1883 4054 aet

450 4089 723 4170 testimonium
739 4092 808 4170 uni
828 4092 930 4200 parti
948 4090 1066 4197 hujus
1084 4091 1292 4174 indenture
1312 4119 1429 4202 penes
1447 4093 1572 4177 dietus
1588 4092 1880 4176 cancellarium

454 4209 666 4322 Magistros
697 4232 737 4294 et
766 4212 938 4293 Scolares
968 4213 1148 4294 residenti
1171 4215 1298 4296 didius
1323 4215 1506 4298 dominus
1528 4213 1751 4300 Richardus
1770 4215 1879 4323 figit-

452 4331 540 4414 lum
567 4335 680 4416 suum
708 4335 886 4445 apposuit
905 4334 1015 4416 alteri
1040 4363 1130 4416 vero
1156 4339 1257 4446 parti
1291 4365 1408 4446 penes
1441 4339 1615 4422 dietum'
1634 4336 1880 4424 Richardum

449 4457 634 4539 refidenti
663 4457 835 4567 sigillum
873 4485 1087 4540 cornmune
1121 4459 1229 4542 dicte
1266 4461 1536 4542 Univerfitatis
1574 4459 1629 4546 est
1668 4461 1880 4570 appensum

450 4577 546 4660 Hiis
581 4582 741 4662 testibus
774 4581 1059 4664 venerabilibus
1087 4583 1264 4692 patribus
1300 4583 1463 4666 domino
1488 4581 1670 4690 Johanne
1683 4585 1767 4670 Dei
1784 4611 1875 4692 gra·

816 4809 1068 4876 vaurde
1113 4810 1512 4878 LECTIONES.

493 4949 507 4984 ἲ
528 4959 568 5006 et.
582 4945 624 5006 H.
637 4947 690 5010 sol.
707 4969 760 5032 79.
1174 4955 1361 5019 'dominum
1384 4953 1426 5018 H.
1439 4953 1492 5018 sol.
1511 4955 1578 5020 162.

1164 5041 1200 5118 E
1231 5067 1255 5121 2
1823 5042 1883 5120 cia
