5118 6544
1153 584 1195 674 (3
1265 586 1311 674 A
1382 584 1531 674 ll's
1590 586 1637 675 A

689 754 930 862 poficionum
960 754 1018 832 vel
1039 757 1347 836 convencionum
1368 759 1470 835 inter
1493 755 1623 860 aliqua
1643 753 1821 861 Collegia
1840 755 1914 834 sive
1934 759 2006 836 alia
2024 759 2109 838 loca

691 905 940 982 quecumque
961 877 1061 954 infra
1081 879 1212 955 villam
1234 902 1272 956 et
1292 880 1472 956 suburbia
1492 879 1663 985 predista
1682 877 1755 954 srve
1774 881 1876 955 inter
1892 883 2021 986 aliqua
2037 885 2109 960 alia

690 999 776 1075 loca
795 1019 903 1076 extra
923 1000 1056 1076 villam
1077 1019 1116 1076 et
1137 1000 1317 1077 suburbia
1337 1002 1505 1105 ejusdem
1535 1028 1584 1077 ex
1612 1027 1688 1077 una
1717 1019 1825 1108 parte
1854 1023 1893 1080 et
1913 1005 2109 1108 Maiorem

691 1121 976 1198 Aldermannos
994 1123 1159 1199 Ballivos
1180 1140 1218 1198 et
1240 1123 1449 1229 Burgenses
1470 1122 1572 1199 diste
1593 1122 1683 1199 ville
1703 1149 1751 1198 ex
1769 1124 1886 1200 altera
1902 1146 2009 1231 parte
2025 1127 2109 1204 fac-

551 1304 556 1315 .
634 1260 818 1319 .tarum
839 1242 911 1318 five
931 1243 1146 1320 fiendarum
1259 1246 1326 1322 Er
1353 1269 1605 1322 aserenan
1628 1245 1926 1350 volumusquod
1945 1249 2109 1326 cessione

690 1365 763 1442 five
794 1365 995 1441 taxacione
1025 1367 1064 1440 in
1092 1364 1221 1442 forma
1239 1368 1410 1471 predisla
1429 1366 1653 1471 hujusmodi
1672 1367 1959 1472 quintedecime
1980 1369 2109 1447 etde·

691 1488 793 1562 cirne
825 1514 893 1592 per
920 1486 1042 1564 dictos
1073 1488 1360 1566 Cancellarium
1381 1507 1420 1565 et
1440 1490 1635 1592 Majorem
1656 1487 1728 1564 five
1749 1515 1883 1566 eorum
1904 1489 2109 1595 deputatos

691 1608 742 1684 src
761 1607 862 1684 fasta
889 1625 926 1682 et
955 1609 1162 1685 terminata
1193 1610 1455 1688 Cancellarius
1488 1611 1588 1687 disle
1619 1609 1887 1716 Universrtatis
1917 1619 1938 1649 w
1959 1631 1997 1689 et
2028 1614 2110 1717 ejus

693 1729 985 1806 Commissarius
1008 1748 1073 1806 aut
1091 1737 1106 1767 ¹
1122 1730 1329 1836 deputatus
1350 1758 1420 1837 pro
1441 1752 1617 1836 tempore
1639 1729 1801 1808 existens
1822 1750 1861 1808 et
1880 1761 1958 1812 non
1979 1735 2111 1839 Major

691 1851 756 1928 seu
784 1849 962 1928 homines
983 1851 1084 1929 dicte
1105 1853 1195 1928 ville
1215 1880 1286 1930 nec
1313 1853 1431 1960 aliqui
1448 1851 1775 1930 Commiffionarii
1791 1853 2110 1933 nostriheredum

690 1981 782 2050 ’'aut
811 1971 1063 2050 successorum
1096 1973 1313 2051 nostrorum
1344 2003 1415 2052 nec
1445 2002 1580 2051 eorum
1613 1974 1751 2081 aliquis
1781 1977 1924 2053 virtute
1951 1975 2111 2080 alicujus

691 2093 969 2171 commissionis
990 2095 1115 2172 nostre
1134 2097 1188 2172 eis
1210 2096 1269 2173 vel
1290 2096 1405 2174 alicui
1425 2123 1561 2174 eorum
1581 2124 1649 2202 per
1670 2123 1739 2173 nos
1760 2093 1920 2175 heredes
1939 2097 2000 2174 vel
2021 2097 2109 2174 suc·

689 2214 847 2292 cessores
878 2216 1024 2292 nostros
1052 2217 1306 2320 imposterum
1337 2218 1528 2296 mittende
1557 2219 1618 2296 vel
1644 2218 1889 2296 deliberande
1926 2237 1992 2298 aut
2012 2247 2111 2325 qua-

690 2361 862 2441 cumque
882 2336 956 2412 alia
976 2338 1203 2412 austoritate
1223 2338 1277 2414 eis
1295 2337 1384 2414 data
1403 2338 1477 2414 five
1498 2338 1753 2443 imposterum
1773 2340 1899 2416 danda
1919 2341 2112 2445 predictos

692 2456 853 2534 scolares
874 2456 1077 2534 servientes
1099 2458 1293 2534 ministros
1323 2477 1363 2536 et
1392 2459 1482 2534 alias
1511 2458 1688 2564 personas
1720 2459 1979 2565 privilegiatae
2012 2460 2114 2539 infra

694 2577 866 2684 aliquam
888 2577 1111 2684 parochiam
1129 2577 1402 2684 parochiarum
1422 2580 1524 2656 diste
1537 2580 1627 2655 ville
1644 2596 1710 2655 aut
1722 2578 1996 2657 suburbiorum
2010 2583 2111 2686 ejus-

693 2701 785 2778 dem
804 2718 1091 2777 commorantes
1112 2700 1185 2777 srve
1205 2699 1466 2780 inhabitantes
1486 2700 1684 2807 predistus
1702 2701 1964 2778 Cancellarius
1985 2704 2111 2782 Com-

694 2820 882 2898 miffarius
915 2840 981 2898 aut
1015 2824 1096 2927 ejus
1123 2824 1329 2928 deputatus
1351 2850 1421 2928 pro
1442 2841 1617 2928 tempore
1637 2821 1802 2900 existens
1822 2839 1862 2900 et
1881 2850 1959 2900 non
1980 2824 2113 2929 Major

693 2945 796 3021 diste
817 2943 905 3020 ville
928 2971 997 3020 nec
1018 2944 1158 3049 aliquis
1187 2945 1408 3048 aliquorum
1432 2961 1756 3050 preexceptorum
1780 2945 1895 3048 juxta
1915 2949 2114 3052 quantita-

693 3083 776 3142 tem
797 3064 991 3142 bonorum
1020 3065 1177 3143 suorum
1198 3065 1428 3142 taxabilium
1449 3065 1736 3143 racionabiliter
1755 3083 1795 3143 et
1813 3065 1980 3144 fideliter
1998 3088 2116 3174 prout

695 3187 760 3264 alii
775 3185 954 3265 homines
969 3189 1069 3265 diste
1083 3188 1174 3265 ville
1191 3187 1305 3264 assessi
1321 3186 1468 3265 suerint
1481 3187 1635 3265 affideat
1648 3206 1687 3266 et
1702 3205 1806 3265 taxat
1821 3189 2114 3296 imperpetuum

694 3311 749 3387 Et
769 3313 976 3414 pecuniam
995 3311 1045 3387 fic
1063 3309 1229 3387 assellam
1247 3310 1354 3388 idern
1372 3308 1635 3387 Cancellarius
1650 3308 1943 3389 Commissarius
1958 3311 2018 3389 vel
2033 3313 2113 3418 ejus

679 3431 904 3538 deputatus
937 3459 1006 3538 per
1034 3431 1228 3510 ministros
1258 3432 1343 3509 suos
1373 3432 1491 3509 levari
1518 3429 1664 3511 faciant
1692 3432 1839 3536 Majori
1866 3433 2021 3512 Ballivis
2041 3434 2116 3513 sive

698 3553 982 3632 collectoribus
1018 3555 1065 3631 ad
1100 3553 1175 3631 hoc
1211 3553 1405 3661 deputatis
1439 3581 1508 3660 per
1542 3555 1793 3633 indenturam
1825 3553 2115 3635 deliberandam

561 3749 569 3767 ,
648 3747 658 3768 ,
699 3677 768 3752 Er
795 3700 833 3750 s1
858 3678 1020 3782 predicti
1039 3676 1198 3753 scolares
1213 3683 1228 3728 Υ
1245 3674 1448 3751 servientes
1470 3675 1634 3752 ministri
1664 3694 1704 3752 et
1723 3676 1799 3754 alie
1817 3675 1977 3780 persone
1995 3678 2116 3786 privi-

698 3797 838 3903 legiate
878 3799 921 3875 ad
957 3799 1129 3904 aliquam
1156 3798 1273 3875 aliam
1292 3812 1455 3902 quotam
1475 3820 1594 3899 quam
1611 3793 1659 3871 ad
1678 3795 2057 3899 quintamdecimam
2077 3817 2117 3880 et

700 3918 894 3996 decimam
915 3920 1124 3999 subsidium
1141 3917 1479 3997 contribucionem
1497 3932 1563 3993 aut
1578 3917 1770 3994 auxilium
1782 3916 1895 3994 nobis
1910 3914 2118 4000 heredibus

700 4057 767 4116 aut
788 4040 1057 4121 successoribus
1088 4041 1221 4120 nostris
1242 4039 1470 4118 solvendum
1490 4037 1673 4116 affidendi
1692 4055 1732 4116 et
1751 4039 1910 4116 taxandi
1928 4040 1976 4117 de
2005 4040 2118 4122 bonis

699 4168 717 4213 ‘l
730 4162 877 4238 catallis
899 4167 1008 4243 terris
1030 4183 1068 4242 et
1090 4162 1323 4243 tenementis
1344 4162 1418 4239 suis
1438 4159 1585 4238 suerint
1605 4160 1711 4266 quod
1732 4178 1827 4238 tunc
1855 4162 2121 4244 Cancellarius

702 4283 992 4364 Commiss'arius
1013 4306 1051 4365 et
1072 4288 1152 4391 ejus
1174 4285 1381 4390 deputatus
1398 4282 1585 4360 associatis
1605 4282 1677 4361 fibi
1702 4282 1922 4362 Presrdente
1951 4286 2120 4393 Collegii

700 4405 812 4482 beate
833 4407 960 4482 Marie
990 4408 1224 4515 Magdalene
1244 4424 1284 4484 et
1311 4404 1549 4484 Custodibus
1570 4403 1838 4511 Collegiorum
1858 4406 1969 4485 beate
1990 4409 2119 4486 Marie

704 4527 1364 4632 Wynton'etomniurnAnimarum
1373 4546 1629 4643 profltempore
1637 4525 1889 4609 existentibus
1899 4529 2120 4613 velduobus

1063 4745 1752 4833 unarnrnncrronrs

745 4934 764 4963 '
783 4929 848 5004 deest
863 4944 899 4991 et.
924 4929 962 4986 H.
981 4930 1032 4990 sol.
1051 4931 1117 4992 186.
1501 4941 1517 4982 7
1538 4946 1577 4993 et.
1598 4931 1640 4992 H.
1654 4929 1788 4996 f01.186.

746 5029 761 5060 ¹
783 5028 853 5103 ejus.
874 5030 916 5089 H.
928 5028 979 5089 sol.
999 5030 1065 5089 186.
