5118 6544
1177 584 1219 674 C
1289 587 1336 674 ll
1405 584 1451 673 R
1524 581 1570 673 ἿΓ
1640 589 1704 676 Α.

726 759 947 839 dicionibus
968 755 1317 836 insurreccionibus
1338 759 1493 837 feloniis
1508 761 1566 838 vel
1583 759 1788 839 mahemiis
1806 757 1907 840 infra
1925 764 2158 842 comitatum

726 883 844 961 Oxon
865 881 926 956 vel
948 879 1068 957 Berks
1090 899 1177 958 ante
1198 881 1271 959 hec
1293 901 1468 988 tempora
1489 882 1599 961 faCtis
1627 884 1686 960 vel
1715 910 1869 961 exnunc
1890 881 2076 963 faciendis
2095 889 2158 963 in-

724 1005 924 1081 dictatus'¹
951 1021 1113 1079 rettatus
1146 1004 1207 1080 vel
1240 1005 1455 1111 appellatus
1482 1007 1616 1083 existat
1646 1006 1707 1082 vel
1735 1004 1954 1084 infuturum
1977 1008 2156 1085 indistari

722 1133 738 1163 ¹²
756 1129 887 1204 rettari
913 1124 974 1203 vel
995 1125 1178 1231 appellari
1206 1129 1414 1233 contigerit
1444 1146 1482 1205 et
1510 1128 1760 1234 postmodum
1780 1130 1912 1233 vigore
1930 1127 2156 1233 hujusmodi

722 1248 996 1326 indietamenti
1016 1253 1032 1283 ¹¹
1043 1248 1133 1323 retti
1150 1248 1210 1323 vel
1225 1250 1367 1355 appelli
1382 1250 1579 1328 attestatus
1593 1251 1652 1328 vel
1670 1250 1942 1356 imprisonatus
1958 1247 2075 1329 fuerit
2091 1253 2154 1328 in·

723 1371 782 1448 fra
802 1371 1048 1478 procindtum
1070 1371 1337 1448 Univerlitatis
1359 1373 1528 1478 predicte
1550 1372 1610 1448 vel
1631 1372 1723 1450 alibi
1746 1389 1838 1448 tunc
1860 1372 1885 1448 fi
1913 1372 2153 1450 Cancellari-

724 1519 767 1569 us
790 1490 1083 1571 Commiffarius
1103 1491 1166 1569 seu
1188 1493 1459 1571 locumtenens
1480 1495 1581 1572 dicte
1604 1494 1872 1596 Univerfitatis
1893 1521 1963 1600 pro
1979 1510 2154 1600 tempore

724 1615 888 1691 existens
908 1614 1034 1720 ipsum
1054 1613 1104 1691 fic
1125 1615 1348 1692 arrestatum
1369 1617 1429 1692 vel
1450 1616 1749 1723 imprisonatum
1762 1616 2026 1721 calumpniare
2040 1615 2153 1693 volu·

722 1738 796 1814 erit
814 1737 892 1843 ipse
912 1739 952 1813 in
972 1735 1081 1840 cujus
1103 1736 1273 1815 custodia
1293 1738 1515 1842 hujusmodi
1545 1738 1817 1844 imprisonatus
1845 1739 1906 1814 vel
1933 1735 2154 1815 arrrestatus

723 1858 852 1936 existit
872 1883 1011 1965 corpus
1031 1858 1202 1961 ejusdem
1218 1860 1386 1936 arrestati
1409 1862 1469 1937 vel
1490 1859 1732 1966 imprisonati
1753 1859 1965 1936 Senescallo
1985 1859 2154 1936 Cancel-

723 1981 809 2059 larii
837 1981 896 2058 vel
924 1980 1227 2058 locumtenentis
1259 1981 1359 2058 diele
1380 1982 1650 2059 Univerfitatis
1670 2009 1741 2089 pro
1764 1999 1938 2088 tempore
1958 1980 2153 2059 existentis

724 2128 793 2208 per
820 2101 1131 2179 commiffionem
1161 2104 1329 2180 nostram
1350 2103 1418 2182 sub
1440 2131 1585 2211 magno
1605 2103 1730 2210 sigillo
1750 2103 1878 2182 nostro
1898 2130 1966 2210 per
1986 2101 2153 2180 Cancel-

725 2225 867 2301 larium
886 2222 1060 2300 nostrum
1079 2223 1141 2298 vel
1163 2224 1377 2302 Custodem
1395 2227 1489 2304 dieti
1509 2227 1623 2331 sigilli
1643 2254 1715 2332 pro
1736 2244 1911 2332 tempore
1924 2225 2154 2303 existentem

725 2372 774 2422 ex
805 2345 937 2422 officio
968 2343 1035 2422 suo
1068 2344 1358 2422 concedendam
1385 2347 1432 2422 ad
1464 2349 1783 2423 nominacionem
1803 2365 1841 2421 et
1861 2348 2154 2423 ordinacionem

726 2467 821 2544 dieti
842 2464 1073 2542 Cancellarii
1091 2465 1150 2541 vel
1171 2467 1473 2545 locumtenentis
1494 2468 1596 2544 dicte
1618 2466 1885 2545 Universrtatis
1902 2467 1942 2542 in
1971 2463 2042 2543 hac
2062 2492 2154 2571 par-

726 2604 766 2666 te
786 2587 813 2665 fi
833 2586 898 2664 ille
919 2589 987 2693 qui
1007 2587 1056 2664 fic
1077 2587 1180 2665 dieto
1197 2591 1440 2667 Cancellario
1460 2589 1589 2667 nostro
1608 2590 1682 2665 five
1703 2587 1864 2665 Custodi
1894 2586 2007 2694 sigilli
2035 2587 2154 2665 nostri

726 2712 802 2789 srve
822 2708 1012 2787 heredum
1033 2709 1251 2788 nostrorum
1272 2710 1540 2789 nominabitur
1555 2712 1684 2788 eidem
1706 2708 1948 2788 Cancellario
1965 2708 2038 2786 five
2054 2708 2154 2786 Cus-

726 2832 811 2912 todi
837 2832 883 2908 ad
905 2829 980 2908 hoc
1001 2832 1198 2909 videbitur
1225 2830 1367 2911 habilis
1397 2853 1436 2911 et
1471 2833 1661 2912 sufficiens
1694 2830 1917 2938 preficiend'
1938 2849 1976 2910 et
2007 2831 2153 2909 consti-

727 2955 858 3033 tuend'
878 2952 1008 3030 statim
1039 2953 1123 3060 post
1155 2951 1380 3058 hujusmodi
1407 2955 1673 3060 calumpniam
1702 2953 1844 3031 saetam
1874 2970 1913 3030 et
1932 2952 2154 3032 faciendam

727 3076 797 3155 sub
830 3101 930 3183 pena
960 3074 1203 3153 forisfactum
1230 3075 1488 3154 ducentarum
1522 3075 1711 3152 librarum
1732 3101 1809 3150 una
1830 3074 2037 3151 medietate
2063 3074 2154 3152 inde

727 3198 840 3278 nobis
860 3216 900 3274 et
918 3195 1125 3276 heredibus
1147 3197 1282 3275 nostris
1310 3217 1348 3275 et
1376 3199 1495 3275 altera
1521 3198 1729 3274 medietate
1762 3196 1853 3273 inde
1889 3197 1935 3273 ad
1970 3195 2080 3273 usum
2114 3213 2153 3273 et

727 3319 949 3427 proficuum
980 3320 1248 3398 Universrtatis
1278 3321 1449 3427 predicte
1481 3319 1628 3426 ipsrque
1648 3321 1688 3396 in
1710 3344 1880 3423 quorum
1900 3315 2069 3396 custodia
2088 3318 2152 3396 in-

729 3443 1014 3523 dictamentum
1032 3449 1207 3520 nrettum
1227 3441 1286 3520 vel
1306 3442 1504 3549 appellum
1526 3467 1595 3548 per
1608 3439 1713 3544 quod
1732 3436 1956 3541 hujusmodi
1972 3440 2152 3546 impriso-

732 3585 844 3644 natus
857 3567 917 3644 vel
931 3566 1128 3644 arrestatus
1142 3565 1351 3643 indictatur
1367 3572 1555 3642 nrettatur
1576 3561 1634 3640 vel
1653 3560 1868 3667 appellatur
1888 3585 1958 3665 pro
1977 3577 2153 3666 tempore

731 3688 901 3766 existerit
916 3689 1241 3765 indictamenmm
1255 3694 1426 3764 nrettum
1442 3686 1503 3762 vel
1518 3684 1718 3792 appellum
1732 3681 1832 3759 illud
1850 3708 1983 3760 coram
2002 3679 2152 3789 prefato

732 3809 944 3888 Senescallo
974 3810 1102 3889 statim
1128 3837 1220 3888 cum
1245 3835 1312 3916 per
1331 3808 1459 3915 ipsum
1480 3804 1739 3883 Senescallum
1758 3803 1849 3880 inde
1874 3800 1994 3882 fuerit
2020 3807 2152 3912 requi·

730 3933 821 4011 situs
841 3961 933 4012 cum
949 3931 1182 4040 proceffibus
1203 3949 1242 4008 et
1258 3929 1442 4008 omnibus
1462 3928 1546 4007 aliis
1567 3926 1666 4005 illud
1687 3923 1935 4032 tangentibus
1958 3925 2026 4002 sub
2051 3955 2153 4032 pena

732 4056 905 4159 predidla
933 4057 974 4132 in
1000 4054 1126 4132 forma
1158 4054 1331 4160 predicta
1364 4050 1544 4130 solvenda
1573 4050 1679 4128 mitti
1701 4047 1846 4126 faciant
1866 4047 1930 4126 seu
1950 4047 2153 4126 deliberari

731 4176 792 4252 Ita
819 4177 923 4280 quod
954 4177 1060 4255 idem
1087 4175 1360 4282 imprisonatus
1379 4173 1440 4250 vel
1458 4170 1657 4252 arrestatus
1677 4170 1748 4248 stet
1768 4172 1872 4248 redo
1892 4173 1932 4248 in
1952 4167 2025 4248 hac
2045 4189 2153 4278 parte

731 4323 863 4374 coram
878 4298 981 4376 diuo
999 4297 1211 4375 Senescallo
1230 4298 1256 4374 fi
1276 4324 1347 4375 nos
1364 4295 1489 4375 versus
1508 4322 1601 4373 eum
1620 4294 1729 4401 loqui
1747 4292 1981 4371 voluerimus
1999 4295 2058 4370 vel
2078 4293 2151 4370 ali-

731 4421 820 4525 quis
850 4419 946 4498 alius
975 4420 1083 4526 loqui
1116 4420 1281 4498 voluerit
1312 4438 1351 4499 et
1381 4445 1459 4497 non
1487 4444 1621 4496 coram
1640 4418 1772 4522 aliquo
1796 4415 1871 4493 alio
1891 4415 2030 4518 Judice
2050 4441 2151 4521 quo-

646 4602 658 4626 .
735 4569 907 4647 cumque
1019 4544 1088 4618 ET
1119 4541 1144 4619 s1
1166 4541 1270 4619 idem
1292 4541 1492 4620 arrestatus
1512 4539 1573 4616 vel
1593 4537 1866 4645 imprisonatus
1886 4536 1997 4644 super
2015 4535 2151 4641 hujus·

731 4665 841 4744 modi
860 4664 1171 4745 indictament0¹¹
1199 4682 1300 4741 retto
1328 4663 1387 4741 vel
1409 4661 1570 4770 'appello
1598 4662 1756 4770 placitet
1777 4659 1823 4738 ad
1844 4658 2152 4741 verificacionem

1132 4895 1817 4961 vaarnntaerroura

1249 5057 1606 5134 umqflnmm
