5118 6544
917 627 954 718 I.
1027 589 1264 720 EDW.
1336 623 1417 718 IV.
1967 659 2024 752 51
2122 576 2127 586 ⁹

449 785 612 872 ciendos
645 789 828 871 omnibus
861 787 1002 872 suturis
1023 791 1265 898 temporibus
1284 817 1422 871 omnes
1438 805 1477 870 et
1497 788 1664 897 singulos
1685 815 1782 899 quos
1812 816 1880 898 per

455 914 630 993 debitam
649 914 950 1020 inquisicionem
970 914 1029 992 vel
1048 915 1249 1021 publicam
1277 913 1519 995 evidenciam
1547 913 1693 1020 poterit
1721 914 1882 1020 reperiri

456 1037 587 1143 aliqua
602 1035 826 1143 hujusmodi
844 1037 1066 1144 pavimenta
1081 1034 1278 1118 confrusta
1296 1054 1453 1116 truncos
1472 1054 1599 1144 petras
1618 1033 1758 1114 fimum
1782 1035 1880 1114 ”sues

456 1177 601 1240 terram
628 1159 754 1238 sordes
781 1177 848 1238 aut
878 1157 1057 1241 feditates
1082 1156 1184 1238 infra
1204 1160 1308 1239 vicos
1327 1159 1420 1240 ville
1439 1157 1611 1265 predicte
1631 1175 1670 1237 et
1688 1157 1794 1237 vicos
1815 1157 1880 1236 su·

457 1280 687 1360 burbiorum
706 1282 878 1388 ejusdem
895 1281 943 1362 ad
962 1299 1249 1364 nocumentum
1268 1279 1418 1361 ibidem
1438 1279 1710 1362 habitancium
1730 1298 1772 1360 et
1784 1279 1880 1358 illuc

454 1401 741 1483 confluencium
762 1403 907 1484 babere
1023 1405 1092 1486 Er
1115 1406 1222 1510 quod
1241 1403 1506 1486 Cancellarius
1525 1403 1674 1482 ibidem
1689 1429 1760 1510 pro
1776 1420 1880 1482 tem·
1920 1417 1954 1508 ς,
1974 1437 2059 1504 104.

456 1551 552 1632 pore
564 1526 730 1604 existens
743 1531 936 1607 eximens
950 1525 1133 1606 iodeberi
1142 1526 1438 1608 etballivisville
1445 1526 1617 1634 predicte
1629 1553 1700 1634 pro
1709 1543 1885 1634 tempore

454 1647 925 1730 existentibusttiberare
955 1647 1072 1729 faciat
1104 1649 1151 1728 ad
1180 1677 1224 1730 ea
1242 1649 1405 1728 levanda
1434 1648 1461 1726 st
1493 1647 1578 1756 posl
1607 1647 1885 1730 racionabilem

454 1773 795 1876 premunicionem
813 1770 987 1852 defectus
1008 1771 1102 1852 tales
1121 1771 1287 1852 minime
1306 1769 1564 1852 emendentur
1584 1796 1627 1848 ac
1647 1769 1740 1850 talia
1753 1771 1882 1878 impes

455 1892 632 1970 dimenta
662 1911 702 1970 et
730 1892 911 1972 feditates
940 1919 1019 1972 non
1052 1891 1275 1974 auferantur
1303 1910 1343 1972 et
1374 1892 1481 2000 quod
1510 1891 1604 1970 dieti
1628 1889 1761 1970 ballivi
1780 1891 1881 1974 reci·

457 2013 567 2120 piant
597 2014 734 2104 eadem
767 2018 1069 2096 amerciamenta
1096 2014 1143 2094 ad
1172 2014 1511 2122 supportationem
1539 2012 1744 2094 solucionis
1770 2010 1883 2098 firme

456 2133 521 2212 sue
559 2135 852 2246 imperpetuum
891 2155 931 2218 et
966 2137 994 2218 si
1030 2137 1152 2218 iidem
1189 2136 1323 2217 ballivi
1365 2135 1609 2245 negligentes
1650 2133 1798 2218 fuerint
1834 2135 1884 2218 ad

456 2260 736 2338 execuciouem
751 2261 843 2340 inde
862 2259 1082 2340 faciendam
1101 2287 1172 2342 nec
1191 2259 1433 2340 levacionem
1448 2255 1673 2364 hujusmodi
1693 2258 1882 2342 amercia-

455 2399 682 2458 mentorum
703 2381 807 2460 infra
825 2401 900 2461 tres
921 2381 1002 2462 dies
1020 2380 1105 2490 post
1124 2383 1395 2490 recepcionem
1415 2379 1612 2462 diuorum
1632 2383 1883 2463 extrastuuttt

454 2499 600 2580 faciant
628 2522 724 2582 tunc
755 2503 894 2584 eadem
925 2505 1227 2584 amerciameuta
1242 2505 1446 2612 capiantur
1465 2503 1513 2586 ad
1531 2527 1630 2611 opus
1651 2501 1884 2586 Cancellarii

454 2622 558 2729 dicte
579 2624 845 2704 Univerfitatis
861 2653 933 2734 pro
949 2643 1125 2734 tempore
1145 2625 1343 2706 existentis
1362 2642 1429 2706 aut
1447 2625 1553 2706 illius
1568 2625 1633 2704 cui
1652 2622 1760 2708 idem
1774 2624 1883 2710 Can-

453 2744 634 2824 cellarius
663 2773 709 2824 ea
737 2774 809 2854 pro
832 2766 1009 2857 tempore
1028 2747 1232 2855 assignabit
1342 2747 1411 2828 ET
1436 2749 1639 2830 lusurus
1661 2747 1753 2826 licet
1774 2749 1883 2830 Can·
1923 2795 1961 2822 ,.
2063 2793 2074 2816 ·

456 2866 633 2946 cellarius
654 2869 921 2950 Univerfitatis
941 2869 1113 2976 predicte
1133 2897 1204 2977 pro
1222 2888 1398 2975 tempore
1417 2867 1581 2948 existens
1601 2865 1743 2948 habeat
1758 2871 1886 2952 eciam

454 3015 505 3066 ex
522 2991 829 3068 conceffiouibus
848 2993 1143 3097 progenitorum
1164 2990 1381 3068 nostrorum
1399 2987 1666 3096 predistorum
1686 3015 1782 3096 quas
1801 2992 1883 3074 eci-

456 3137 521 3188 am
552 3109 870 3190 confirmavimus
899 3113 1169 3193 auctoritatem
1197 3129 1237 3190 et
1262 3110 1494 3221 potestatem
1519 3109 1730 3193 banniendi
1746 3139 1886 3198 omnes

457 3232 684 3312 criminosas
700 3250 740 3311 et
758 3233 917 3314 viciosas
937 3233 1115 3344 personas
1135 3233 1351 3316 obstinaces
1371 3233 1533 3315 rebelles
1549 3251 1588 3312 et
1601 3233 1886 3344 incorrigibiles

454 3383 480 3434 a
503 3356 607 3434 dieta
625 3355 883 3436 Univerfitate
900 3375 942 3436 et
961 3357 1167 3464 procinslu
1184 3357 1357 3463 ejusdem
1377 3356 1536 3464 persone
1555 3373 1687 3440 tamen
1706 3357 1757 3439 fic
1787 3357 1885 3439 ban·

458 3479 541 3556 nite
567 3478 617 3556 ad
637 3477 745 3556 villas
766 3495 806 3556 et
824 3479 974 3558 villatas
994 3507 1116 3589 prope
1135 3481 1282 3562 distem
1302 3479 1605 3562 Universitatem
1625 3479 1662 3558 se
1682 3477 1885 3561 retrahunt

459 3599 608 3679 ibidem
625 3618 914 3681 commorantes
933 3600 1159 3708 hujusmodi
1172 3603 1339 3684 crimina
1356 3619 1397 3682 et
1417 3601 1600 3682 viciosam
1618 3601 1885 3684 conversacio-

458 3749 551 3802 nem
582 3722 860 3804 detestabiliter
886 3726 1010 3833 magis
1036 3725 1186 3805 ibidem
1211 3752 1331 3832 quam
1357 3725 1399 3802 in
1430 3723 1687 3804 Univerfitate
1712 3723 1885 3834 predista

432 3842 639 3936 ‚ducendo
681 3855 725 3924 et'
758 3848 975 3926 exercendo
1035 3842 1132 3926 Nos
1164 3849 1284 3954 igitur
1318 3846 1366 3924 de
1395 3844 1565 3927 uberiori
1591 3848 1720 3954 gracia
1757 3846 1884 3927 nostra

458 3966 711 4047 conceffimus
732 3968 974 4048 Cancellario
994 3969 1262 4048 Univerfitatis
1283 3967 1454 4076 prediste
1474 3995 1545 4076 pro
1567 3986 1745 4076 tempore
1764 3969 1883 4048 exist-

459 4091 540 4167 enti
562 4092 833 4169 ausioritatem
853 4109 892 4169 et
912 4089 1144 4198 potestatem
1164 4092 1271 4199 quod
1290 4091 1370 4198 ipse
1399 4089 1559 4168 bannire
1588 4089 1701 4198 poffit
1730 4119 1751 4170 a
1780 4092 1885 4171 dista

461 4195 719 4291 Univerfitate
738 4240 808 4322 per
825 4213 962 4293 decem
983 4213 1166 4292 milliaria
1182 4213 1506 4319 circumjacencia
1522 4239 1658 4290 omnes
1673 4221 1688 4252 ¹
1695 4214 1886 4322 pronebas

461 4335 682 4414 meretrices
713 4352 753 4414 et
787 4335 970 4416 mulieres
1003 4336 1291 4416 incontinentes
1322 4332 1424 4414 infra
1453 4333 1617 4413 eandem
1646 4337 1885 4416 Univerfita·

461 4470 545 4532 tem
562 4473 629 4534 aut
660 4460 905 4566 procindtum
941 4456 1112 4563 ejusdem
1145 4457 1370 4538 notabiliter
1397 4457 1668 4564 delinquentes
1698 4460 1754 4537 ita
1779 4456 1886 4567 quod

355 4579 358 4586 '
461 4577 570 4655 nulla
602 4576 828 4683 hujusmodi
858 4581 1000 4660 mulier
1029 4579 1080 4660 fic
1110 4579 1271 4660 bannita
1302 4579 1406 4660 infra
1426 4581 1565 4660 decem
1585 4579 1765 4660 milliaria
1783 4582 1886 4658 circa

461 4697 607 4776 dictam
647 4701 933 4782 univerfitatem
965 4703 1085 4783 Oxon
1114 4705 1350 4783 commorari
1388 4701 1582 4810 presumat
1620 4720 1661 4782 et
1696 4702 1725 4780 fi
1758 4701 1888 4807 aliqua

837 4897 1090 4961 VARIAE
1131 4896 1528 4960 LECTIONES.

503 5009 516 5039 ⁸
536 5002 601 5078 deest
615 5000 685 5061 sues.
707 5005 749 5065 H.
765 5005 814 5065 fol.
831 5007 898 5087 169.
1312 5015 1326 5044 ¹
1346 5006 1498 5087 pronubas.
1519 5007 1571 5070 sol.
1591 5007 1659 5087 169·

510 5101 530 5130 '
549 5093 677 5154 liberari.
699 5096 741 5158 H.
756 5097 808 5160 sol.
827 5099 893 5177 169.
1230 5185 1268 5261 G

1297 5207 1320 5262 2
