5118 6544
848 586 978 679 xlv.
1048 587 1100 678 ss
1136 587 1174 676 n
1211 585 1278 678 N.
1349 583 1482 678 vnt.
1964 591 2027 714 ⁶7

467 768 531 848 seu
551 764 677 846 facere
696 763 820 873 potest
838 757 1130 873 imperpetuum
1150 792 1311 844 omnem
1338 783 1378 844 et
1407 784 1700 872 quamcumque
1728 789 1880 846 merca·

467 909 597 969 turam
617 917 660 968 ac
679 907 811 966 emant
838 909 877 967 et
904 890 1072 967 vendant
1099 888 1161 966 seu
1182 915 1310 967 emere
1329 908 1369 966 ct
1388 889 1553 966 vendere
1571 886 1724 994 possunt
1743 915 1879 967 omnes

468 1031 508 1089 et
538 1012 803 1118 quascumque
833 1038 892 1089 res
912 1010 1063 1088 venales
1083 1029 1122 1088 et
1140 1008 1364 1116 hujusmodi
1383 1035 1441 1088 res
1460 1011 1502 1088 in
1523 1009 1712 1089 retalliam
1731 1027 1880 1117 ponant

468 1135 534 1212 seu
564 1159 707 1242 ponere
729 1131 883 1240 possunt
902 1133 972 1211 vel·
987 1133 1062 1211 alio
1082 1134 1200 1211 modo
1220 1158 1472 1239 quocumque
1487 1129 1656 1210 Necnon
1674 1149 1879 1211 exerceant

468 1255 534 1332 seu
554 1281 729 1332 exercere
748 1253 901 1361 possunt
920 1243 1053 1333 omnia
1081 1272 1121 1332 et
1148 1254 1295 1361 singula
1323 1254 1483 1332 artificia
1514 1252 1707 1332 manualia
1737 1271 1777 1331 et
1805 1253 1879 1332 alia

468 1403 717 1482 quecumque
747 1377 794 1454 ad
824 1375 1047 1482 hujusmodi
1073 1377 1235 1454 artificia
1254 1375 1467 1484 spestancia
1486 1374 1587 1453 infra
1605 1373 1738 1457 villam
1759 1376 1880 1454 Oxon

468 1500 683 1604 predistam
699 1514 738 1576 et
751 1497 931 1578 suburbia
939 1498 1108 1602 ejusdem
1117 1499 1273 1607 publice
1282 1496 1588 1605 quieteetlibere
1596 1496 1880 1576 cumomnibus

470 1619 714 1699 libertatibus
735 1638 775 1699 et
792 1618 1014 1700 franchefiis
1035 1622 1109 1699 suis
1129 1647 1224 1726 quas
1249 1619 1396 1700 h'abent
1414 1620 1538 1726 aliqui
1567 1636 1606 1696 et
1636 1621 1878 1727 quicumque

467 1741 678 1849 Burgenses
712 1743 814 1821 diste
841 1742 931 1821 ville
958 1744 999 1821 in
1021 1741 1111 1820 villa
1129 1742 1302 1849 predista
1320 1762 1360 1820 et
1379 1740 1573 1819 suburbiis
1593 1740 1763 1847 ejusdem
1824 1741 1880 1820 Et

470 1867 577 1969 quod
598 1864 758 1971 predicti
786 1863 944 1942 scolares
968 1864 1171 1943 servientes
1190 1862 1357 1941 ministri
1375 1880 1415 1941 et
1432 1860 1589 1970 persone
1609 1861 1780 1968 predidte
1798 1863 1881 1969 pri·
1924 1867 1927 1874 ’

468 1985 648 2090 vilegiate
674 1988 806 2092 vigore
832 1984 1018 2091 presentis
1043 1984 1294 2064 concessionis
1314 1984 1441 2066 nostre
1460 1985 1657 2062 exonerati
1674 1982 1789 2062 liberi
1807 1983 1883 2062 sint

467 2123 508 2184 et
528 2108 652 2214 quieti
672 2107 720 2184 ab
739 2111 850 2187 omni
869 2126 909 2186 et
926 2133 1175 2213 quacumque
1195 2106 1490 2186 contribucione
1509 2104 1704 2184 solucione
1716 2131 1883 2184 concor-

469 2228 533 2306 dia
550 2228 625 2307 five
643 2230 817 2308 licencia¹
831 2257 902 2337 pro
928 2229 1030 2307 dista
1057 2227 1236 2309 libertate
1264 2246 1303 2307 et
1332 2225 1543 2306 franchesra
1563 2227 1710 2333 Majori
1739 2225 1884 2306 Alder·

470 2352 624 2429 mannis
645 2351 719 2428 five
738 2351 896 2428 Ballivis
917 2368 984 2428 aut
1005 2351 1229 2430 Camerario
1248 2368 1314 2429 aut
1334 2351 1450 2430 alicui
1470 2348 1656 2428 Ministro
1675 2348 1738 2427 seu
1758 2351 1884 2428 Com-

468 2473 654 2552 munitati
680 2472 782 2550 diste
812 2471 904 2550 ville
932 2473 1052 2550 Oxon
1070 2472 1247 2551 facienda
1267 2471 1394 2551 fienda
1413 2470 1607 2550 reddenda
1625 2472 1690 2548 seu
1709 2467 1888 2548 solvenda

466 2594 759 2701 imperpetuum
869 2593 1130 2671 PRnTnRrA
1151 2594 1403 2673 concedimus
1420 2612 1460 2672 et
1479 2619 1548 2699 per
1562 2589 1754 2698 presentes
1770 2590 1885 2669 volu·
1940 2583 1975 2689 §
1995 2601 2059 2687 25.

469 2740 557 2792 mus
588 2713 698 2821 quod
714 2714 839 2792 dictus
859 2714 1123 2792 Cancellarius
1144 2741 1186 2793 ac
1206 2717 1288 2820 ejus
1309 2714 1483 2794 absencia
1501 2710 1793 2791 Commiffarius
1819 2711 1885 2792 seu
1913 2767 1915 2772 -

469 2837 551 2943 ejus
571 2836 776 2944 deputatus
796 2854 834 2915 et
854 2863 991 2915 eorum
1010 2835 1234 2914 successores
1251 2837 1543 2944 imperpetuum
1563 2861 1612 2912 ex
1630 2831 1774 2912 assensu
1787 2833 1883 2913 Ma-

468 2957 677 3064 gistrorum
696 2960 739 3036 in
758 2959 1062 3064 congregacione
1081 2983 1152 3062 pro
1172 2977 1346 3063 tempore
1365 2954 1619 3034 existencium
1639 2952 1883 3033 assemblato-

469 3104 559 3157 rum
577 3080 780 3157 unitorum
799 3095 838 3155 et
857 3098 1182 3186 congregatorum
1201 3078 1346 3159 saciant
1365 3094 1404 3157 et
1424 3077 1694 3157 auctoritatem
1713 3075 1883 3156 faciendi

469 3197 639 3279 habeant
658 3201 949 3308 corporaciones
969 3201 1109 3280 statuta
1126 3218 1165 3279 et
1184 3202 1450 3280 ordinacioncs
1470 3226 1563 3277 cum
1582 3200 1691 3306 penis
1710 3198 1759 3278 ad
1778 3198 1884 3277 obli·

468 3322 615 3430 gandos
634 3349 771 3402 omnes
789 3341 829 3401 et
847 3322 1014 3431 singulos
1033 3321 1293 3403 inhabitantes
1307 3324 1411 3402 diste
1428 3321 1519 3400 ville
1539 3321 1658 3400 Oxon
1677 3335 1759 3400 tam
1777 3346 1885 3399 mer·

468 3445 639 3523 candisas
669 3448 752 3524 suas
784 3471 904 3553 quam
933 3446 1140 3525 vitellarios
1165 3444 1230 3524 sua
1249 3446 1430 3524 vidualis
1447 3460 1486 3522 et
1505 3441 1599 3522 alios
1618 3443 1885 3550 quoscumque

468 3564 678 3672 vulgariter
691 3567 814 3646 dictos
831 3568 991 3649 ‚Glovers
1012 3566 1269 3677 Cordewyners
1284 3584 1324 3646 et
1344 3563 1587 3648 Chaundelers
1604 3565 1754 3644 ibidem
1770 3590 1883 3644 com-

468 3707 664 3766 morantes
684 3715 742 3768 res
765 3687 847 3768 suas
876 3689 1027 3770 venales
1058 3689 1325 3796 quascumque
1354 3689 1566 3768 enormiter
1596 3686 1807 3766 vendentes
1836 3685 1886 3765 de

470 3826 648 3918 tempore
680 3810 722 3888 in
755 3827 910 3917 tempus
939 3811 1119 3891 ordinent
1147 3809 1314 3889 statuant
1342 3829 1381 3890 et
1414 3808 1559 3889 saciant
1582 3811 1885 3917 ¹imperpetuum

468 3931 601 4039 aliquo
621 3931 762 4010 statuto
780 3933 822 4011 in
841 3933 1079 4012 contrarium
1099 3950 1188 4011 ante
1204 3930 1278 4012 hec
1299 3950 1476 4041 tempora
1494 3931 1600 4010 edito
1615 3932 1688 4009 slve
1705 3930 1885 4040 ordinato

467 4080 548 4132 non
576 4051 751 4133 obstante
860 4056 925 4131 Ac
952 4079 1116 4133 ‘seram
1143 4053 1324 4134 volumus
1354 4073 1395 4135 et
1423 4054 1673 4132 concedimus
1701 4051 1883 4160 prodistis
1948 4050 1982 4154 §.
2001 4047 2066 4128 26.

469 4175 710 4254 Cancellario
728 4192 769 4254 et
786 4175 994 4256 scolaribus
1014 4176 1264 4256 servientibus
1285 4193 1324 4255 et
1340 4176 1524 4257 ministris
1538 4174 1613 4254 suis
1629 4202 1673 4254 ac
1688 4174 1772 4253 aliis
1791 4201 1883 4282 per-

470 4295 570 4376 sonis
599 4296 851 4406 privilegiatis
877 4297 947 4406 qui
975 4297 1078 4378 bona
1097 4298 1162 4378 sua
1178 4298 1254 4378 sive
1273 4299 1411 4379 catalla
1427 4296 1533 4378 furto
1548 4297 1609 4376 vel
1628 4297 1668 4375 vi
1687 4295 1885 4376 amiserint

469 4419 577 4525 quod
608 4419 679 4527 ipss
709 4439 748 4499 et
776 4419 944 4528 quilibet
976 4447 1112 4500 eorum
1138 4421 1199 4500 vel
1226 4421 1488 4501 Cancellarius
1512 4419 1587 4499 five
1613 4419 1883 4514 Procuratores

466 4541 573 4620 diste
602 4542 872 4624 Univerfitatis
901 4570 1038 4623 eorum
1065 4546 1227 4623 nomine
1247 4542 1389 4650 absque
1408 4541 1696 4649 inquietacione
1714 4539 1774 4617 vel
1795 4565 1884 4616 mo·

469 4660 673 4744 lestacione
693 4664 811 4746 nostri
828 4663 1121 4746 heredum¹²seu
1139 4664 1395 4746 suceessorum
1415 4664 1631 4744 nostrorum
1657 4661 1732 4740 five
1762 4661 1884 4742 mini·
1927 4679 1930 4687 ’

869 4901 1555 4964 VARIAELECTIONEs

1032 5062 1318 5143 “mssfflstp

1117 5149 1188 5226 12
