5118 6544
603 517 630 606 8
878 517 882 526 “
1178 507 1689 606 CARTA

714 714 793 793 rint
813 713 873 792 vel
893 711 1031 792 dolum
1057 707 1222 789 fecerint
1249 711 1289 788 in
1318 713 1549 817 exequendo
1576 713 1753 793 officium
1781 713 1894 796 suum
1926 733 2061 800 contra
2084 721 2137 802 il-

557 831 673 934 §.130
711 835 770 914 los
802 837 873 943 qui
909 834 1134 940 hujusmodi
1165 833 1324 936 iujurias
1359 832 1544 939 predistis
1576 836 1796 916 Scolaribus
1830 837 2005 920 inserunt
2084 847 2140 926 Et

712 959 819 1064 quod
838 958 955 1062 Judei
983 957 1101 1033 Oxon
1133 981 1212 1032 non
1245 956 1434 1061 recipiant
1467 985 1490 1032 a
1515 957 1734 1038 scolaribus
1765 963 1950 1067 prodistis
1979 990 2050 1070 pro
2084 967 2138 1043 li-

712 1081 781 1158 bra
808 1082 851 1157 in
880 1079 1093 1187 septimana
1122 1077 1190 1153 nifi
1210 1077 1307 1154 duos
1339 1079 1515 1157 denarios
1544 1098 1584 1157 et
1614 1081 1792 1162 similiter
1821 1081 1889 1160 fiat
1918 1085 1960 1161 in
1990 1087 2137 1166 minori

712 1203 865 1280 summa
882 1201 1094 1280 secundum
1114 1199 1221 1276 suam
1242 1201 1501 1304 quantitatem
1531 1202 1707 1311 alioquin
1731 1206 1896 1312 predicti
1915 1206 2032 1308 Judei
2059 1235 2136 1316 pu·

554 1330 591 1432 ᾖ.
611 1351 672 1430 14.
711 1325 870 1403 niantur
888 1322 1100 1404 secundum
1126 1321 1474 1399 ‘consuetudinem
1496 1326 1605 1430 regni
1728 1327 1781 1405 Et
1802 1329 1908 1433 quod
1928 1329 2135 1435 quociens·

712 1473 883 1553 cumque
909 1465 949 1524 et
978 1443 1308 1552 quandocumque
1327 1443 1460 1548 Major
1481 1465 1520 1523 et
1540 1447 1680 1526 Ballivi
1701 1449 1820 1526 Oxon
1850 1449 2135 1530 sacramentum

712 1567 911 1647 fidelitatis
951 1567 1015 1646 sue
1055 1564 1279 1674 prestabuut
1317 1566 1358 1642 in
1393 1565 1482 1644 loco
1519 1565 1587 1646 suo
1627 1573 1832 1652 communi
1867 1577 2133 1652 communitas

711 1689 883 1796 ejusdem
912 1689 1019 1768 Ville
1047 1688 1257 1766 denunciet
1286 1681 1529 1766 Cancellario
1559 1708 1602 1768 ut
1630 1693 1764 1800 perse
1794 1693 1853 1774 vel
1886 1721 1956 1802 per
1984 1695 2134 1802 aliquas

710 1813 850 1892 electas
877 1811 1054 1920 personas
1086 1807 1313 1915 prestacioni
1336 1808 1553 1912 juramenti
1581 1815 1748 1919 predicti
1767 1815 1794 1894 fi
1813 1816 1980 1894 voluerit
2008 1817 2133 1896 inter-

709 1935 755 2013 fit
817 1935 936 2038 Qsod
966 1933 1128 2041 quidem
1155 1931 1430 2035 juramentum
1464 1931 1542 2010 tale
1574 1937 1649 2014 erit
1680 1938 1808 2043 quoad
1841 1937 2016 2028 Scolares,
2040 1967 2133 2048 pre·

711 2057 837 2138 didos
871 2057 940 2136 viz
973 2053 1079 2162 quod
1112 2051 1183 2160 ipss
1216 2051 1349 2156 Major
1377 2069 1417 2128 et
1445 2053 1587 2133 Ballivi
1623 2059 1905 2140 conservabunt
1937 2060 2137 2140 libertates

711 2198 751 2258 et
780 2179 1077 2259 consuetudines
1097 2173 1367 2252 Universrtatis
1396 2176 1568 2281 predicte
1598 2181 1773 2288 alioquin
1807 2209 1887 2262 non
1917 2182 2042 2262 valeat
2062 2186 2133 2290 ju·
2207 2245 2212 2257 ,

711 2307 934 2380 ramentum
952 2299 1126 2409 ipsorum
1144 2295 1201 2374 set
1218 2297 1363 2376 iterum
1392 2297 1584 2404 prestetur
1609 2301 1824 2382 secundum
1851 2301 2022 2383 formam
2040 2329 2132 2411 pre-

711 2423 893 2532 scriptam
956 2424 996 2502 Si
1026 2448 1117 2500 vero
1146 2417 1409 2498 Cancellarius
1438 2447 1511 2500 nec
1540 2422 1674 2529 perse
1703 2451 1775 2502 nec
1804 2451 1874 2533 per
1901 2443 2132 2534 procurato·

710 2573 796 2626 rem
822 2544 998 2626 interesse
1023 2543 1192 2623 voluerit
1219 2541 1564 2648 adjuramentum
1592 2543 1873 2626 nichilominus
1902 2550 2135 2655 procedatur

709 2669 765 2748 Et
785 2670 891 2777 quod
919 2669 998 2748 duo
1017 2665 1278 2780 Aldermanni
1298 2664 1371 2743 fint
1396 2666 1510 2744 electi
1538 2685 1578 2744 et
1597 2667 1774 2776 deputati
1792 2670 1841 2749 de
1866 2668 1944 2748 illis
1965 2673 2034 2778 qui
2062 2699 2135 2780 pro

708 2809 885 2900 tempore
903 2789 1051 2870 suerint
1078 2788 1293 2868 secundum
1318 2787 1425 2894 quod
1444 2788 1612 2868 ordinati
1641 2810 1750 2873 erant
1769 2819 1791 2870 a
1810 2791 1973 2871 domino
1992 2795 2063 2872 W.
2085 2794 2135 2872 de
2204 2887 2211 2899 ¹

709 2913 829 2992 Ebor’
858 2914 906 2992 ad
946 2910 1212 2994 exhibendam
1246 2909 1447 3014 justiciam
1479 2935 1573 2987 cum
1614 2914 1799 3021 prepositi
1832 2912 2027 2995 abfuerint
2062 2915 2132 2994 sub

709 3036 845 3114 eadem
872 3063 974 3144 pena
1001 3061 1078 3142 qua
1105 3029 1289 3141 prepositi
1317 3046 1502 3107 tenentur
1532 3031 1558 3107 li
1588 3036 1830 3142 negligentes
1856 3037 1917 3115 vel
1946 3037 2134 3117 maliciosi

556 3135 669 3238 §³5-
707 3160 955 3236 inveniantur
1070 3155 1126 3234 Et
1153 3153 1261 3261 quod
1296 3151 1465 3258 quilibet
1495 3151 1697 3260 Burgenfis
1726 3157 1846 3236 Oxou
1878 3183 1950 3265 pro
1982 3155 2134 3238 familia

708 3279 774 3358 sua
803 3277 1030 3387 respondeat
1057 3278 1113 3356 ita
1141 3276 1248 3383 quod
1277 3273 1305 3352 fi
1335 3274 1476 3380 aliquis
1510 3274 1559 3352 de
1589 3273 1742 3356 familia
1770 3277 1835 3356 sua
1867 3296 2041 3358 mortem
2068 3279 2133 3359 vel

708 3428 868 3510 gravem
907 3402 1091 3507 injuriam
1120 3399 1236 3479 alicui
1274 3393 1417 3476 clerico
1446 3395 1506 3474 vel
1541 3395 1617 3476 suis
1660 3395 1803 3478 inserat
1840 3399 2135 3482 malefactorem

712 3522 896 3604 exhibeat
922 3526 1031 3604 idem
1050 3519 1254 3630 Burgensrs
1283 3537 1327 3596 ut
1354 3516 1422 3598 fiat
1441 3519 1490 3596 de
1515 3545 1562 3600 eo
1583 3518 1743 3625 justicia
1769 3518 1945 3626 alioquin
1975 3519 2133 3630 infliga-

558 3635 593 3738 δι
612 3631 671 3712 16·
710 3664 774 3726 tur
792 3673 893 3755 pena
912 3646 1125 3726 secundum
1151 3641 1474 3722 consuetudinem
1497 3643 1608 3750 regni
1723 3643 1779 3722 Et
1798 3642 1904 3750 quod
1923 3643 2132 3751 quociens-

709 3795 883 3876 cumque
902 3768 1146 3860 debeatfieri
1166 3765 1380 3874 temptacio
1406 3765 1517 3872 panis
1542 3783 1582 3846 et
1605 3765 1762 3846 cervisie
1786 3765 1835 3846 ab
1864 3765 2133 3851 eisdemBur-

709 3891 890 3999 gensrbus
919 3887 1151 4000 precedente
1171 3891 1235 3969 die
1254 3888 1512 3968 denuncietur
1532 3889 1778 3969 Cancellario
1803 3907 1844 3969 et
1862 3888 2132 3970 Procuratori·

710 4013 783 4092 bus
804 4013 1073 4096 Universrtatis
1102 4013 1274 4123 predidte
1304 4027 1349 4090 ut
1377 4037 1447 4117 per
1473 4008 1513 4089 se
1539 4012 1601 4092 vel
1628 4028 1698 4119 per
1716 4011 1868 4119 aliquos
1898 4012 1945 4091 ad
1964 4010 2042 4093 hoc
2061 4013 2133 4094 de-

709 4152 867 4246 putatos
894 4161 961 4246 per
978 4137 1080 4246 ipsos
1100 4138 1128 4217 si
1147 4134 1343 4214 volueriut
1361 4133 1540 4214 intersint
1559 4135 1816 4243 temptacioni
1841 4135 2016 4244 predicte
2035 4136 2133 4217 alio·

574 4321 580 4329 .
712 4260 809 4366 quin
836 4285 915 4338 non
943 4259 1067 4340 valeat
1093 4249 1196 4368 ‘ipsa
1222 4258 1435 4366 temptacio
1497 4255 1537 4335 st
1564 4283 1654 4338 vero
1680 4257 1775 4337 dieti
1796 4256 2062 4338 Cancellarius
2092 4274 2133 4336 et

712 4381 984 4462 Procuratores
1005 4381 1274 4462 Universrtatis
1300 4379 1424 4488 perse
1443 4379 1505 4458 vel
1535 4406 1605 4488 per
1624 4379 1709 4460 suos
1737 4377 1914 4460 iuteresse
1933 4379 2133 4460 noluerint

711 4503 760 4582 ad
797 4505 1012 4609 predidiam
1051 4505 1359 4614 temptacionem
1402 4501 1688 4584 nichilominus
1730 4501 1965 4611 procedatur
2085 4503 2135 4580 In

711 4649 882 4731 quorum
916 4634 1098 4712 omnium
1127 4627 1398 4708 testimonium
1431 4623 1616 4713 dominus
1647 4623 1881 4736 Radulphus
1910 4623 2013 4704 filius
2046 4621 2128 4706 Ni-

1120 4849 1332 4912 vantur
1372 4835 1718 4914 tEc'rrorrus.

911 4965 925 4994 ⁸
944 4953 1193 5021 constitucionem.
1221 4957 1264 5020 H.
1279 4957 1331 5020 fol.
1346 4977 1377 5037 3.
1538 4955 1551 4996 f
1569 4960 1634 5039 deest
1647 4955 1717 5038 ipsa.
1742 4955 1785 5022 li.
1799 4956 1852 5019 sol.
1866 4973 1875 5016 ι
1882 4973 1932 5037 ςι.

2008 5099 2139 5184 cholai
