5118 6544
446 1387 771 1566 neers
840 1439 1370 1564 nnwnnnr
1443 1427 1875 1597 ouanrr

857 1852 1455 1948 AMPLISSIMA‚

444 2305 864 2392 CONFIRMANS
910 2249 1118 2394 unauna
1155 2306 1538 2396 nnrvrnnnrn
1583 2301 1875 2400 surronn

653 2469 797 2543 curu
846 2471 1275 2565 nancrronn
1323 2467 1670 2544 uovonunr.

567 3121 859 3210 DWARDUS
880 3120 960 3202 Dei
978 3118 1108 3226 gracia
1122 3122 1211 3210 Rex
1226 3117 1373 3228 Anglie
1388 3133 1427 3198 et
1443 3117 1608 3200 Francie
1624 3133 1664 3196 et
1677 3117 1876 3196 Dominus
1916 3129 1949 3218 §.
1971 3145 2003 3196 r.

583 3244 780 3330 Hibernis
800 3241 1001 3322 Omnibus
1021 3242 1069 3328 ad
1090 3271 1187 3352 quos
1206 3241 1399 3352 presentes
1419 3243 1532 3321 litere
1550 3240 1797 3349 pervenerint
1815 3239 1874 3318 sa-

578 3366 706 3444 lutem
811 3365 1268 3450 Iuseexrtauscartam
1281 3365 1434 3444 domini
1448 3360 1639 3444 Richardi
1652 3364 1872 3470 nuperRe-
1885 3372 1952 3432 Ric·
1966 3373 2007 3435 11.

444 3485 503 3594 gis
518 3486 665 3594 Anglie
683 3485 842 3568 secundi
865 3485 950 3595 post
965 3489 1236 3597 Conquestum
1251 3488 1515 3595 progenitoris
1534 3485 1653 3566 nostri
1672 3483 1817 3564 fastam
1832 3489 1875 3566 in

444 3605 520 3687 hec
540 3608 657 3690 verba
774 3610 1062 3693 chrrnnuus
1085 3613 1163 3692 Dei
1177 3614 1308 3722 gracia
1326 3611 1416 3688 Rex
1431 3611 1577 3718 Anglie
1591 3627 1631 3689 et
1652 3609 1817 3688 Francis
1837 3627 1877 3690 et

442 3727 643 3816 Dominus
664 3732 861 3816 Hibernis
880 3730 1196 3848 Archiepiscopis
1216 3734 1419 3844 Episcopis
1433 3733 1656 3828 Abbatibus
1677 3731 1877 3812 Prioribus

443 3853 624 3940 Ducibus
645 3854 870 3940 Comitibus
899 3857 1116 3942 Batonibus
1144 3857 1347 3950 Militibus
1366 3856 1595 3962 Justiciariis
1617 3856 1878 3936 Vicecomiti-

441 3973 514 4060 bus
530 3977 735 4088 Prepofitis
751 3978 908 4069 Ballivis
929 3997 970 4070 et
989 3979 1072 4063 aliis
1088 3979 1269 4070 fidelibus
1289 3979 1365 4060 suis
1385 3979 1549 4060 salutem
1661 3979 1877 4058 Iustrxr-

445 4127 541 4184 Mus
563 4119 712 4182 cartam
731 4100 1044 4190 confirmacionis
1065 4131 1184 4214 quarn
1204 4103 1389 4184 dominus
1408 4101 1626 4184 Edwardus
1647 4127 1772 4209 nuper
1788 4104 1974 4182 Rexudu.
1988 4119 2044 4184 111.

443 4224 591 4334 Anglie
607 4227 720 4310 Avus
735 4223 864 4309 noster
883 4222 969 4305 fieri
987 4223 1082 4306 fecit
1100 4229 1143 4306 in
1169 4224 1244 4308 hec
1264 4226 1381 4306 verba
1497 4227 1775 4308 Enwnnnus
1799 4226 1877 4306 Dei

442 4349 572 4454 gracia
590 4347 681 4429 Rex
700 4348 846 4458 Anglie
866 4365 905 4428 et
924 4349 958 4428 F
958 4352 1089 4431 rancie
1109 4368 1149 4430 et
1167 4347 1367 4432 Dominus
1384 4348 1579 4428 Hibernis
1598 4344 1876 4458 Archiepisco·
1964 4395 1972 4412 ·

441 4472 501 4578 pis
521 4470 725 4580 Episcopis
745 4470 970 4560 Abbatibus
990 4473 1190 4558 Prioribus
1211 4473 1436 4554 Comitibus
1457 4471 1673 4552 Baronibus
1692 4471 1877 4576 Justicia-

442 4594 507 4672 riis
538 4593 853 4676 vicecomitibus
882 4596 1087 4706 Preposrtis
1119 4596 1314 4678 Ministris
1348 4614 1387 4676 et
1424 4595 1610 4676 omnibus
1644 4594 1803 4676 Ballivis
1838 4612 1877 4674 et

861 4821 1077 4883 VARIAE
1117 4823 1461 4884 LECTIONES

481 4935 510 4989 in
524 4931 612 4991 Curris
622 4933 788 5011 sequentibus
805 4949 942 4994 annotatae
954 4937 1119 5013 desumuntur
1131 4957 1166 4998 ex
1178 4938 1258 4996 Libro
1271 4937 1476 5016 Priuilegiurunt
1489 4951 1515 4998 at
1528 4937 1693 5000 titutum
1704 4935 1797 4999 Alutae
1809 4933 1879 4994 Uni-

443 5011 576 5090 eerſstatir
589 5013 680 5076 Oxua.
695 5013 738 5075 M.
746 5015 776 5076 S.
791 5031 842 5094 par
855 5016 939 5086 Hane,
957 5022 988 5080 in
1001 5018 1128 5084 Arrhivis
1141 5017 1270 5090 Bittioab.
1285 5017 1351 5090 Bal.
1366 5019 1503 5096 effugato·
1528 5001 1581 5092 Α
1594 5069 1600 5081 .
1612 5042 1661 5114 0⁰
1674 5073 1681 5098 ,

1247 5189 1285 5266 Α
1315 5213 1338 5266 2
1700 5181 1880 5266 fidelibus
