5118 6544
843 645 975 738 xrv.
1038 597 1098 738 ⁴n
1134 650 1173 739 n
1212 647 1275 738 N.
1346 645 1474 738 vnr.
1698 597 1704 603 ’
1959 687 2020 782 71

453 803 668 890 eorundem
684 825 723 888 et
741 835 820 888 non
842 809 974 916 Major
991 809 1056 888 seu
1075 808 1255 888 homines
1276 807 1378 886 dicte
1397 807 1491 887 ville
1516 835 1588 887 nec
1608 803 1729 916 aliqui
1746 810 1873 889 Com·

455 930 682 1010 miffionarii
701 933 820 1014 nostri
838 929 1029 1011 heredum
1048 951 1115 1010 aut
1134 929 1389 1010 succefforum
1409 931 1629 1012 nostrorum
1649 931 1771 1010 dictos
1791 932 1875 1009 sco·

456 1052 555 1132 lares
574 1053 778 1134 servientes
796 1054 987 1134 ministros
1004 1072 1042 1132 et
1056 1052 1147 1132 alias
1162 1053 1338 1161 personas
1352 1053 1612 1161 privilegiatas
1628 1052 1728 1130 infra
1743 1052 1879 1132 villam

455 1173 688 1254 etsuburbia
701 1177 872 1282 ejusdem
886 1194 1172 1255 commorantes
1184 1176 1669 1282 secundumquantitatem
1682 1173 1880 1253 bonorum

457 1295 616 1376 suorum
645 1298 876 1376 taxabilium
904 1297 1072 1376 fideliter
1101 1317 1140 1376 et
1169 1297 1454 1376 racionabiliter
1481 1315 1615 1376 taxent
1635 1314 1675 1374 et
1695 1296 1877 1376 affideant

456 1417 750 1526 imperpetuum
770 1437 808 1497 et
828 1421 1036 1528 pecuniam
1055 1418 1105 1499 src
1125 1445 1278 1528 percos
1298 1417 1463 1496 assellam
1483 1446 1552 1526 per
1573 1418 1766 1498 ministros
1793 1419 1877 1496 suos

455 1537 735 1628 levarifaciant
753 1559 793 1620 et
808 1542 955 1647 Majori
974 1541 1130 1620 Ballivis
1151 1542 1216 1619 seu
1237 1540 1524 1619 Colleetoribus
1549 1541 1596 1618 ad
1617 1537 1693 1619 hoc
1709 1541 1876 1648 deputa-

455 1661 509 1740 tis
528 1664 891 1768 per'indenturam
913 1682 958 1742 ut
972 1664 1215 1770 premittitur
1229 1661 1516 1741 deliberandam
1628 1663 1699 1739 ET
1726 1687 1877 1740 unne-
1928 1667 1965 1772 ᾖ.
1988 1687 2061 1770 31..

458 1803 566 1861 xlus
586 1785 634 1862 de
655 1783 824 1864 uberiori
843 1788 972 1892 gracia
989 1785 1115 1864 nostra
1134 1784 1287 1892 speciali
1307 1785 1565 1890 pardonamus
1583 1783 1820 1861 remittimus
1837 1802 1878 1862 et

454 1901 672 1983 relaxamus
684 1932 754 2012 per
765 1906 956 2012 presentes
969 1906 1153 2014 predictis
1170 1905 1413 1983 Cancellario
1428 1922 1468 1983 et
1483 1902 1690 1982 scolaribus
1707 1905 1875 1984 servien-

453 2022 561 2102 tibus
580 2044 620 2104 et
638 2026 822 2106 ministris
841 2027 918 2106 suis
938 2055 982 2107 ac
998 2025 1311 2134 quibuscumque
1331 2026 1415 2104 aliis
1434 2025 1603 2134 personis
1623 2026 1877 2134 privilegiatis

454 2145 526 2252 qui
542 2173 648 2226 nunc
667 2147 754 2227 sunt
774 2148 834 2227 vel
851 2149 1009 2229 fuerunt
1028 2167 1068 2228 et
1087 2174 1224 2226 eorum
1244 2148 1408 2227 cuilibet
1422 2174 1557 2227 omnes
1573 2163 1613 2224 et
1626 2148 1874 2227 omnimodas

452 2267 705 2374 prodiciones
718 2270 982 2377 quascumque
1001 2271 1160 2350 murdra
1178 2267 1394 2348 homicidia
1412 2269 1574 2348 felonias
1594 2271 1761 2349 roberias
1778 2270 1873 2349 bur·

454 2388 626 2493 gularias
651 2391 914 2495 abjuraciones
944 2391 1092 2499 escapia
1120 2407 1160 2468 et
1179 2390 1370 2470 evasrones
1390 2391 1623 2470 voluntarias
1644 2409 1683 2468 et
1704 2417 1783 2468 non
1803 2418 1873 2469 vo-

451 2508 637 2590 luntarias
654 2538 996 2618 quorumcumque
1007 2512 1271 2619 predictorum
1284 2513 1573 2591 murdratorum
1584 2509 1877 2592 homicidarum

452 2627 633 2709 felonum
645 2631 941 2739 burgulatorum
956 2658 1000 2711 ac
1008 2659 1351 2740 quorumcumque
1362 2634 1623 2742 suspeclorum
1636 2632 1874 2739 prodicionis

452 2751 604 2829 murdri
633 2749 838 2832 homicidii
869 2754 1019 2832 roberie
1048 2773 1088 2832 et
1112 2751 1257 2834 felonie
1278 2755 1366 2834 Nec
1386 2782 1466 2833 non
1485 2753 1703 2833 accell'arios
1721 2755 1875 2834 murdri

452 2868 662 2952 homicidii
682 2901 1021 2982 quarumcumque
1039 2875 1274 2954 feloniarum
1294 2874 1532 2954 roberiarum
1553 2895 1593 2954 et
1618 2876 1782 2952 aliarum
1810 2875 1872 2954 fe-

448 2991 644 3073 loniarum
671 3023 1011 3103 quarumcumque
1041 2995 1209 3074 Necnon
1232 2997 1460 3076 omnimoda
1481 2995 1787 3103 transgreffiones
1806 2997 1873 3074 in-

450 3112 708 3196 surrecciones
743 3116 972 3196 rebelliones
1000 3119 1114 3196 riotas
1135 3136 1263 3197 routas
1283 3118 1557 3201 conventicula
1575 3118 1717 3197 illicita·
1732 3116 1872 3198 confe-

448 3236 672 3318 deraciones
704 3239 1009 3346 conspiraciones
1039 3241 1303 3347 mespriliones
1332 3258 1581 3348 contemptus
1625 3241 1869 3320 extorciones

447 3359 706 3467 oppreffiones
726 3363 893 3470 perjuria
907 3381 946 3440 et
966 3362 1039 3440 alia
1063 3361 1266 3440 malefacta
1286 3388 1535 3470 quecumque
1554 3389 1623 3470 per
1641 3363 1739 3468 ipsos
1761 3364 1869 3441 Can-

448 3481 653 3560 cellarium
672 3500 717 3560 et.
730 3483 890 3562 scolares
910 3484 985 3563 five
1004 3511 1139 3563 eorum
1160 3485 1335 3592 aliquem
1353 3503 1442 3563 ante
1462 3488 1598 3564 datum
1628 3482 1873 3592 presencium

451 3603 789 3711 qualitercumque
808 3603 910 3684 facta
928 3603 1064 3684 habita
1082 3606 1157 3685 five
1175 3623 1395 3714 perpetrata
1414 3606 1506 3684 licet
1524 3605 1645 3685 iidem
1665 3605 1871 3685 Cancella-

449 3727 530 3802 rius
550 3743 590 3803 et
609 3725 768 3804 scolares
788 3726 852 3803 seu
873 3754 1016 3805 eorum.
1029 3728 1168 3834 aliquis
1187 3729 1236 3805 de
1254 3727 1444 3835 premiffis
1462 3726 1524 3805 vel
1545 3727 1677 3834 aliquo
1705 3725 1871 3834 premis-

450 3842 582 3925 sorum
601 3847 779 3924 indiclati
794 3854 807 3886 ⁸
825 3847 1009 3956 appellati
1028 3847 1164 3928 restari
1182 3849 1392 3955 adjudicati
1413 3848 1574 3956 utlagati
1592 3849 1871 3956 condempnati

402 4029 405 4036 ,
450 3969 620 4046 convicti
639 3968 700 4046 vel
719 3971 874 4048 attincti
891 3969 1054 4048 existant
1074 3971 1132 4050 vel
1152 3997 1231 4049 non
1250 3970 1415 4050 existant
1440 3969 1529 4048 Nec
1557 3997 1636 4049 non
1664 3995 1800 4058 omnes
1830 3988 1871 4050 et

448 4088 615 4196 lingulas
646 4091 850 4197 utlagariae
869 4092 915 4170 in·
930 4093 1030 4198 ipsos
1050 4092 1338 4171 Cancellarium
1356 4109 1395 4170 et
1414 4092 1573 4172 scolares
1593 4091 1656 4170 seu
1675 4093 1869 4171 incorum

450 4208 622 4317 aliquem
654 4214 851 4291 occasrone
879 4213 1150 4321 premifforum
1180 4215 1253 4294 five
1280 4240 1415 4292 eorum
1443 4214 1602 4320 alicujus
1623 4233 1712 4292 ante
1732 4214 1869 4292 datum

447 4331 689 4438 presencium
709 4335 974 4443 promulgatas
994 4362 1038 4414 ac
1057 4338 1184 4414 eciam
1202 4340 1336 4416 omnia
1355 4354 1394 4415 et
1412 4334 1559 4444 lingula
1580 4335 1732 4440 judicia
1749 4361 1868 4442 penas

447 4456 586 4533 mortis
605 4474 645 4534 et
663 4457 915 4536 execuciones
936 4457 1089 4537 racione
1108 4457 1172 4536 seu
1191 4460 1387 4537 occafione
1406 4458 1676 4565 premifforum
1705 4456 1766 4534 vel
1799 4481 1869 4532 eo·

398 4657 402 4664 ,
447 4599 536 4654 rum
566 4577 728 4683 alicujus
757 4577 935 4659 habenda
962 4581 1025 4659 vel
1049 4580 1277 4688 exequenda
1295 4583 1349 4662 Et
1367 4579 1521 4660 firmam
1540 4575 1868 4687 pacemnostram

808 4815 1059 4878 VARIAE
1103 4815 1498 4879 LECTIONES.

484 4975 499 5008 ³
518 4968 694 5035 indentutar.
722 4973 764 5035 H.
779 4976 831 5038 iol.
847 4976 914 5038 186.
1235 4984 1248 5016 ⁸
1266 4977 1354 5048 defiat
1367 4971 1502 5051 appellati
1517 4972 1614 5033 reclati
1624 4970 1786 5050 adjudicati
1822 4973 1865 5032 H.

1270 5075 1323 5138 lol.
1342 5077 1408 5154 187.
1736 5091 1737 5100 ¹

1808 5177 1876 5260 eis·
