5118 6544
812 596 946 692 xrv.
1018 597 1249 694 ΗΕΝ.
1321 598 1455 692 vrri.
1767 574 1772 584 '
1907 587 2003 726 ‘63

417 800 500 908 ejus
519 798 710 908 deputato
727 814 794 878 aut
811 825 945 880 coram
959 799 1174 881 Senescallo
1186 797 1250 879 seu
1262 797 1660 881 Subsenescallodidte
1674 800 1847 881 Univer-

420 924 540 1004 fitatis
553 940 619 1002 aut
629 948 764 1002 coram
775 922 888 1004 dietis
901 923 1128 1029 Justiciariis
1142 948 1211 1031 per
1224 923 1446 1033 predidlum
1461 922 1750 1003 Cancellarium
1762 922 1847 1004 fac-

422 1047 473 1124 tis
503 1044 578 1124 five
599 1071 732 1126 coram
751 1045 884 1152 aliquo
902 1048 1117 1128 eorundem
1136 1045 1264 1127 versus
1284 1047 1457 1154 aliquem
1476 1046 1741 1154 predictorum
1761 1045 1848 1126 sco-

352 1175 353 1178 ‘
421 1166 564 1249 larium
583 1167 818 1248 servientum
836 1188 904 1249 aut
923 1170 1191 1251 ministrorum
1212 1170 1369 1250 suorum
1390 1187 1457 1248 aut
1477 1170 1604 1248 versus
1620 1167 1769 1276 aliquos
1785 1169 1864 1249 seu·

421 1289 594 1398 aliquem
614 1290 828 1370 eorundem
848 1293 924 1373 five
943 1293 1106 1374 aliarum
1126 1293 1375 1402 personarum
1394 1293 1729 1402 privilegiatarum
1745 1319 1847 1400 quo·

419 1420 526 1522 quo·
544 1410 789 1494 offendentes
810 1413 884 1494 sive
900 1409 1249 1525 '’delinquencium
1269 1443 1338 1525 per
1358 1416 1489 1494 brevia
1509 1413 1635 1493 nostra
1654 1413 1703 1492 de
1723 1401 1848 1494 cerci-

418 1533 563 1616 orando
582 1532 774 1617 heredum
793 1537 868 1617 five
882 1539 1138 1620 successorum
1154 1540 1373 1619 nostrorum
1394 1552 1461 1618 aut
1480 1536 1611 1646 aliqua
1629 1535 1702 1616 alia
1718 1536 1851 1619 brevia
1917 1558 1920 1566 ’

419 1683 670 1766 quecumque
688 1661 765 1740 live
785 1661 917 1769 aliquo
935 1691 1189 1772 quocumque
1208 1663 1328 1743 modo
1347 1687 1481 1742 coram
1501 1662 1613 1768 nobis
1639 1656 1848 1741 heredibus

418 1796 485 1859 aut
503 1780 778 1862 successoribus
798 1783 937 1864 nostris
954 1805 1022 1866 aut
1036 1813 1171 1865 coram
1182 1785 1409 1890 Justiciariis
1424 1782 1561 1861 nostris
1575 1780 1767 1862 heredum
1783 1783 1848 1862 seu

416 1901 675 1983 successorum
693 1905 913 1987 nostrorum
932 1909 982 1988 de
1001 1935 1082 1989 uno
1102 1909 1232 1988 Banco
1251 1908 1313 1987 vel
1333 1907 1382 1986 de
1402 1903 1523 1986 altero
1542 1902 1606 1983 seu
1626 1930 1757 1983 coram
1772 1932 1846 1987 no·

417 2021 478 2103 bis
497 2025 539 2103 in
559 2025 802 2106 Cancellaria
821 2030 949 2109 nostra
966 2029 1159 2110 heredum
1177 2029 1241 2109 seu
1261 2029 1520 2110 successorum
1540 2027 1760 2106 nostrorum
1780 2046 1848 2109 aut

417 2172 551 2227 coram
574 2174 828 2259 quocumque
847 2153 907 2233 vel
928 2152 1243 2260 quibuscumque
1259 2154 1342 2233 aliis
1356 2150 1583 2256 Justiciariis
1596 2149 1733 2230 nostris
1746 2149 1849 2232 infra

416 2295 584 2378 regnum
595 2271 780 2352 nostrum
800 2275 946 2381 Anglie
965 2294 1116 2355 remota
1135 2274 1208 2354 fint
1228 2276 1288 2354 vel
1309 2274 1467 2382 aliquod
1488 2299 1626 2352 eorum
1646 2272 1693 2351 fit
1714 2299 1846 2354 remo·-
1867 2261 1872 2272 ⁴

415 2407 503 2471 tum
536 2393 596 2472 vel
626 2419 761 2474 coram
790 2395 904 2474 nobis
923 2413 964 2474 et
983 2396 1192 2477 heredibus
1212 2395 1351 2477 nostris
1371 2415 1440 2476 aut
1459 2393 1688 2512 Justiciqriis
1708 2395 1845 2477 nostris

412 2513 597 2622 predictis
617 2514 692 2597 srve
711 2543 846 2596 coram
865 2518 999 2624 aliquo
1017 2545 1154 2600 eorum
1175 2519 1308 2626 aliquo
1327 2519 1449 2600 modo
1466 2517 1588 2625 posita
1607 2515 1755 2596 suntet
1775 2518 1848 2597 ad-

415 2636 534 2716 dusta
553 2635 629 2718 live
647 2663 785 2717 eorum
806 2639 966 2746 aliquod
987 2642 1157 2750 positum
1176 2640 1223 2720 fit
1242 2642 1304 2721 vel
1323 2643 1538 2722 adductum
1558 2639 1666 2748 quod
1685 2656 1782 2719 tunc
1796 2667 1852 2720 ex·

413 2757 682 2840 infinuacione
698 2758 983 2868 fignificacione
1001 2764 1076 2843 five
1095 2762 1323 2872 calumpnia
1340 2791 1411 2873 per
1429 2764 1581 2843 dietum
1602 2761 1845 2844 Cancellari-

413 2905 485 2960 um
503 2883 825 2964 commissarium
845 2884 973 2990 ejusve
992 2886 1226 2995 deputatum
1245 2913 1318 2994 pro
1332 2904 1508 2994 tempore
1523 2883 1755 2964 existentem
1770 2912 1846 2964 no·

413 3001 475 3082 bis
493 3003 558 3084 seu
577 3005 807 3107 Justiciariis
826 3007 1010 3115 predictis
1030 3033 1164 3087 coram
1182 3031 1263 3112 quo
1282 3007 1344 3087 vel
1363 3005 1506 3120 quibus
1526 3003 1752 3112 hujusmodi
1777 3009 1843 3086 in-

411 3123 650 3212 distamenta
668 3127 842 3235 pendent
860 3127 922 3206 vel
941 3127 1113 3210 existunt
1131 3129 1266 3209 omnia
1285 3148 1326 3209 et
1352 3130 1502 3239 singula
1518 3127 1656 3209 eadem
1674 3128 1845 3209 indim-

411 3265 548 3328 menta
578 3249 758 3358 predislo
786 3249 1032 3335 Cancellario
1061 3270 1129 3332 aut
1157 3249 1434 3333 Commiffario
1462 3251 1534 3332 seu¹
1554 3251 1638 3359 ejus
1654 3251 1844 3362 deputato
1981 3339 1985 3350 ,

411 3368 488 3450 live
506 3397 644 3453 eorum
661 3391 771 3452 certo
789 3391 983 3454 attotnato
1003 3374 1271 3456 deliberentur
1290 3392 1330 3455 et
1348 3372 1555 3483 quodlibet
1582 3401 1720 3454 eorum
1739 3375 1842 3468 deli·

414 3491 573 3574 beretur
591 3521 636 3574 ac
654 3495 779 3575 iidem
796 3495 1008 3601 Justiciarii
1026 3498 1192 3607 prodidi
1210 3491 1448 3608 cuicumque
1467 3495 1656 3607 processui
1674 3497 1751 3578 five
1769 3523 1843 3577 ex·

409 3615 589 3701 ecucioni
604 3617 697 3696 inde
715 3615 904 3698 faciendis
922 3623 1088 3701 omnino
1106 3619 1374 3730 supersedeant
1391 3639 1431 3700 et
1450 3618 1488 3699 se
1507 3619 1670 3701 ulterius
1685 3622 1728 3700 in
1746 3647 1839 3729 pre-

407 3737 527 3819 miffis
547 3739 610 3818 vel
630 3738 763 3846 aliquo
786 3741 1061 3848 premissorum
1085 3742 1310 3824 nullatenus
1340 3742 1608 3823 intromittant
1638 3741 1709 3822 sub
1737 3769 1840 3854 pena
1983 3773 1985 3778 ·

407 3860 665 3971 quadraginta
681 3861 872 3942 librarum
892 3865 1006 3945 nobis
1033 3880 1079 3945 ut
1108 3866 1354 3975 premittitur
1375 3862 1714 3946 sorissadurarum
1774 3869 1837 3948 Ac
1899 3862 1937 3968 ξ.
1961 3885 2023 3972 17.

406 3984 550 4064 omnia*
569 3984 698 4065 exitus
728 4003 769 4066 et
799 3983 975 4095 proficua
1003 3983 1101 4067 fines
1130 4005 1170 4068 et
1199 3987 1504 4068 amerciamenta
1530 4004 1572 4068 et
1589 3985 1836 4069 forisfadure

405 4131 659 4218 quecumque
686 4133 821 4190 coram
851 4109 999 4190 eisdem
1017 4110 1252 4217 Justiciariis
1282 4112 1360 4191 five
1385 4136 1524 4191 eorum
1554 4109 1692 4218 aliquo
1712 4107 1838 4193 assella
1978 4204 1982 4213 ‚

405 4223 600 4308 ‘affurata
618 4229 684 4309 seu
702 4228 903 4312 sorisfadta
921 4226 1456 4316 affeffanda⁶affuranda=five
1475 4230 1754 4314 forisfacienda
1771 4259 1835 4312 ra-

406 4347 521 4429 cione
540 4347 768 4460 hujusmodi
787 4354 1164 4438 indiuamentorum
1186 4353 1262 4439 srnt
1281 4357 1330 4437 ad
1349 4356 1463 4437 usum
1482 4381 1582 4466 opus
1601 4375 1641 4438 et
1659 4354 1834 4467 proficu-

405 4497 476 4552 um
487 4472 592 4554 diste
606 4477 879 4561 Univerfitatis
893 4482 1189 4590 imperpetuum
1298 4481 1369 4561 Er
1388 4479 1417 4560 fi
1435 4483 1640 4589 contingat
1659 4479 1833 4587 aliquem
1888 4459 1924 4565 l·
1951 4456 2027 4542 ¹3··

405 4593 595 4679 scolarem
622 4598 690 4682 seu
720 4602 895 4713 aliquem
925 4602 1162 4686 servientum
1185 4619 1255 4685 aut
1272 4603 1545 4686 ministrorum
1562 4601 1844 4713 predictorum-

806 4841 1027 4906 vnnrur
1066 4826 1416 4906 nec'arours.

442 4997 459 5029 ⁸
475 4991 573 5053 modo.
594 4995 638 5056 Η.
654 4993 703 5057 sol.
719 4999 785 5076 183.
1175 5011 1189 5042 θ
1209 5003 1338 5062 efferata
1379 4999 1421 5061 ll.
1444 4999 1580 5078 sol.183.

441 5088 689 5212 'delinqpenteu
709 5097 752 5158 H.
766 5097 818 5159 sol.
832 5100 900 5178 183.
1176 5098 1190 5140 ⁴
1209 5095 1366 5162 adoranda
1385 5095 1430 5159 H.
1444 5095 1498 5160 sol.
1514 5099 1583 5177 183,
1767 5179 1836 5264 seu
