5118 6544
541 611 599 700 32
1129 552 1656 649 cnara,

686 731 791 809 disto
821 726 1026 807 hundredo
1056 723 1130 802 five
1150 720 1335 801 suburbio
1362 722 1458 801 ficut
1487 721 1581 801 alibi
1608 725 1649 801 in
1670 719 1762 800 villa
1781 717 1953 830 predidla
1974 736 2012 798 et
2033 723 2117 802 aliis

685 853 878 931 suburbiis
910 849 1083 954 ejusdem
1109 873 1152 922 ac
1182 843 1460 923 cohercionem
1488 845 1776 925 correccionem
1797 865 1835 924 et
1862 846 2118 953 punicionem

689 974 1013 1081 delinquencium
1044 972 1083 1047 in
1114 995 1158 1046 ea
1185 987 1294 1075 parte
1323 995 1416 1047 cum
1445 970 1621 1048 emendis
1642 966 1785 1046 finibus
1806 969 2118 1048 amerciamentis

526 1115 562 1217 §.
584 1107 648 1216 58,
689 1116 728 1176 et
744 1095 927 1204 proficuis
948 1095 1032 1172 aliis
1052 1091 1143 1170 inde
1164 1092 1481 1197 provenientibus
1594 1092 1663 1168 Er
1694 1092 1800 1197 quod
1819 1090 1963 1168 clamat
1993 1097 2118 1170 eciam

689 1220 815 1300 diuus
847 1215 1111 1297 Cancellarius
1132 1217 1326 1320 integram
1347 1213 1492 1291 affisam
1511 1230 1551 1292 et
1571 1212 1723 1291 assatam
1743 1215 1853 1319 pan-is
1873 1215 1954 1291 vini
1974 1231 2012 1290 et
2031 1241 2118 1293 cer-

689 1342 779 1421 visie
812 1345 853 1420 in
882 1341 987 1418 diuo
1007 1335 1213 1415 hundredo
1232 1337 1307 1413 five
1329 1335 1512 1415 suburbio
1531 1337 1720 1443 equaliter
1739 1337 1835 1414 ficut
1855 1337 1946 1415 alibi
1966 1339 2007 1414 in
2028 1338 2120 1415 villa

690 1464 864 1574 predista
895 1482 934 1539 et
964 1461 1048 1538 aliis
1079 1457 1272 1536 suburbiis
1300 1458 1473 1562 ejusdem
1504 1485 1548 1536 ac
1577 1459 1752 1537 debitam
1771 1462 2060 1538 correccionem
2080 1477 2121 1536 et

691 1587 946 1695 punicionem
975 1582 1146 1688 ejusdem
1165 1607 1259 1659 cum
1279 1577 1421 1659 finibus
1443 1581 1754 1660 amerciamentis
1775 1600 1813 1660 et
1832 1579 2017 1688 proficuis
2037 1581 2122 1658 aliis

530 1722 570 1826 ᾖ,
589 1743 653 1828 59.
692 1710 783 1788 inde
801 1704 1118 1815 provenientibus
1232 1703 1381 1780 Superi
1403 1703 1483 1781 illis
1503 1706 1778 1782 exaccionibus
1800 1723 1839 1782 et
1853 1706 2012 1783 clameis
2032 1731 2122 1811 pre-

693 1832 807 1911 dictis
843 1830 984 1908 auditis
1013 1844 1052 1904 et
1083 1824 1316 1903 sufficienter
1349 1825 1557 1903 intellestis
1587 1828 1807 1904 racionibus
1841 1844 1881 1905 et
1913 1827 2123 1904 evidenciis

691 1951 879 2034 hincinde
898 1975 1032 2030 coram
1052 1947 1214 2026 domino
1231 1946 1342 2053 Rege
1371 1964 1410 2024 et
1429 1947 1590 2025 confilio
1606 1948 1673 2027 suo
1693 1950 1756 2026 die
1776 1950 1919 2028 Martis
1940 1948 2123 2055 proximo

696 2077 781 2185 post
813 2073 957 2154 sestum
991 2067 1252 2150 transsacionis
1281 2068 1400 2147 saneti
1419 2069 1581 2149 Thome
1600 2073 1778 2151 Martiris
1798 2075 1918 2151 Anno
1939 2072 2049 2177 regni
2068 2069 2126 2148 sui

696 2199 766 2275 viz
798 2199 918 2272 Anno
946 2194 1057 2298 regni
1082 2192 1204 2296 Regis
1231 2191 1420 2270 Edwardi
1449 2196 1559 2271 tercii
1589 2195 1675 2301 post
1704 2195 1960 2301 conquestum
1981 2195 2127 2301 Anglie

698 2316 891 2396 tricesimo
925 2332 965 2392 et
995 2313 1159 2391 Francie
1188 2309 1342 2388 decimo
1371 2312 1537 2420 septimo
1566 2342 1635 2422 per
1663 2319 1948 2394 mediaciooem
1974 2319 2128 2398 domini

699 2437 890 2544 johannis
911 2435 1029 2513 Ebor'
1051 2430 1346 2541 Archiepiscopi
1367 2434 1601 2514 Cancellarii
1619 2438 1767 2543 Anglie
1786 2455 1824 2514 et
1844 2436 1995 2514 domini
2015 2439 2126 2516 Wil-

700 2561 826 2640 lielmi
841 2561 1035 2665 Wynton'
1050 2553 1234 2664 Episcopi
1248 2553 1497 2637 Thesaurarii
1511 2559 1655 2666 Anglie
1672 2561 1774 2638 inter
1788 2577 1915 2666 partes
1937 2559 2128 2666 predictas

701 2687 742 2763 in
763 2682 870 2762 hunc
891 2680 1056 2759 modum
1072 2676 1355 2757 concordatum
1380 2678 1457 2758 fuit
1483 2707 1532 2758 ex
1552 2683 1729 2761 unanimi
1748 2682 1931 2761 consensu
1950 2683 2129 2789 parcium

696 2799 1006 2914 'predidtarumsr
1024 2802 1173 2910 placeat
1191 2799 1354 2880 domino
1369 2801 1473 2909 Regi
1560 2804 1696 2909 Qron
1712 2799 2130 2885 ‘dictusCancellarius

703 2927 888 3035 Magistri
902 2945 941 3004 et
962 2924 1131 3002 Scolares
1150 2923 1445 3029 imperpetuum
1456 2922 1627 3003 habeant
1635 2928 1953 3031 jurisdiccionem
1967 2929 2009 3006 in
2026 2931 2134 3007 dicto

703 3049 911 3130 hundredo
940 3045 1017 3124 five
1049 3042 1234 3124 suburbio
1259 3044 1286 3123 fi
1306 3041 1535 3123 suburbium
1556 3047 1716 3153 aliquod
1733 3046 1836 3126 infra
1855 3049 2007 3126 dictum
2025 3047 2132 3129 hun-

706 3172 873 3254 dredum
904 3167 1023 3248 suerit
1052 3167 1127 3246 ssve
1153 3193 1232 3245 non
1262 3169 1303 3245 in
1323 3167 1581 3246 citacionibus
1603 3168 1802 3277 sequestris
1822 3187 1862 3248 et
1894 3170 1978 3248 aliis
2007 3175 2131 3278 perti-

707 3296 855 3373 nenciis
887 3291 1154 3397 jurisdiccioni
1185 3288 1228 3367 in
1262 3290 1446 3368 omnibus
1477 3291 1650 3371 articulis
1678 3293 1949 3401 infrascriptis
1968 3291 2133 3378 videlicet

552 3420 667 3534 §.bo
709 3417 846 3521 Qoo
883 3415 979 3492 dieti
1010 3411 1273 3492 Cancellarius
1296 3411 1478 3520 Magistri
1498 3432 1537 3492 et
1557 3416 1727 3493 Scolares
1747 3417 2041 3523 imperpetuum
2061 3418 2134 3497 ha·

706 3542 825 3619 beant
853 3538 896 3616 in
924 3538 1030 3616 disto
1060 3533 1265 3615 hundredo
1292 3534 1368 3615 five
1386 3535 1572 3616 suburbio
1591 3538 1630 3614 in
1650 3534 1779 3617 forma
1795 3537 1969 3644 predicta
1999 3540 2135 3645 inqui·

708 3663 893 3740 ficionem
915 3661 1204 3738 correccionem
1229 3656 1507 3737 cohercionem
1534 3678 1573 3738 et
1601 3662 1856 3766 punicionem
1886 3662 2136 3768 perturbato·

709 3810 799 3863 rum
831 3783 937 3890 pacis
967 3798 1007 3860 et
1035 3781 1307 3859 convictorum
1332 3780 1443 3888 super
1471 3782 1577 3886 pacis
1606 3781 1902 3890 perturbacione
1925 3781 1988 3861 seu
2009 3784 2136 3867 delin-

712 3905 929 4014 quencium
960 3921 1096 3984 contra
1122 3902 1262 3982 statuta
1289 3902 1486 3982 libertates
1515 3903 1813 3987 consuetudines
1845 3905 1906 3985 vel
1934 3907 2140 4019 privilegia

713 4031 817 4108 diere
855 4026 1125 4107 Universrtatis
1158 4026 1228 4105 ubi
1260 4024 1380 4106 altera
1409 4052 1496 4133 pars
1528 4025 1647 4106 fuerit
1681 4029 1846 4109 clericus
1876 4028 1937 4107 vel
1975 4028 2139 4113 serviens

716 4151 849 4231 clerici
884 4168 951 4229 aut
980 4148 1155 4230 minister
1181 4148 1452 4228 Univerfitatis
1482 4148 1547 4228 seu
1582 4151 1873 4233 stacionarius⁸
1901 4154 2140 4260 Pergamen-

715 4274 835 4352 tarius
854 4263 1134 4353 hLuminarius
1162 4272 1225 4351 vel
1254 4273 1427 4380 Scriptor
1452 4298 1522 4380 per
1553 4273 1905 4356 incarceracionern
1938 4274 2142 4358 bannicio-

718 4421 810 4476 nem
830 4393 1006 4475 censuras
1025 4393 1293 4477 ecclesiasticas
1313 4411 1354 4475 et
1369 4393 1453 4475 aliis
1470 4394 1596 4478 modis
1616 4394 1699 4475 fieri
1719 4400 1910 4481 consuetis
1929 4397 2032 4478 infra
2050 4401 2143 4480 Vil-

1055 4621 1306 4683 VARIAE
1346 4621 1746 4684 LECTIONES.

758 4777 868 4840 fuisti.
892 4780 931 4840 H.
950 4779 1003 4843 fol.
1019 4785 1069 4858 78.
1098 4783 1102 4794 '
1496 4779 1718 4844 *illuminaton
1741 4781 1784 4843 H.
1798 4784 1851 4844 fol.
1866 4787 1916 4863 78.

763 4877 777 4918 Ι
790 4870 1034 4948 Pergamenorius.
1054 4873 1097 4936 H.
1108 4873 1161 4934 sol.
1178 4875 1228 4951 78.
1527 4875 1714 4936 Liminarius.
1735 4875 1777 4935 H.
1790 4877 1842 4938 sol.
1855 4897 1921 4940 102.
1941 4897 2007 4958 134.
2020 4879 2088 4940 161.

2066 4967 2147 5048 lam
