5118 6544
562 619 629 707 40
1169 576 1692 674 CARTA.

519 753 563 853 ,ἕο
576 747 643 858 78·
718 762 1003 842 Iusnrxrsrus
1028 763 1161 842 eciam
1188 766 1387 870 quandam
1406 762 1524 841 aliam
1543 779 1690 843 cartam
1711 787 1831 870 quam
1852 763 2046 870 predictus
2067 790 2144 842 nu·

482 879 701 938 l'fl‘baffll'·
717 913 787 996 per
806 887 896 963 Rex
915 884 1135 963 Richardus
1155 884 1240 964 fieri
1262 885 1356 966 fecit
1375 887 1416 964 in
1435 884 1509 964 hec
1529 885 1645 965 verba
1764 885 2044 966 chunnnus
2067 887 2145 966 Dei

717 1009 847 1114 gracia
868 1009 961 1085 Rex
988 1008 1134 1116 Anglie
1154 1026 1193 1086 et
1213 1009 1246 1086 F
1248 1011 1375 1088 rancie
1395 1027 1435 1088 et
1454 1010 1637 1087 dominus
1657 1007 1852 1087 Hibernie
1872 1007 2147 1114 Archiepisco·

601 1205 603 1208 ,
720 1131 785 1236 pis
801 1130 1005 1239 Episcopis
1025 1130 1247 1209 Abbatibus
1268 1131 1465 1211 Prioribus
1480 1131 1660 1209 Ducibus
1682 1130 1907 1209 Comitibus
1928 1131 2145 1209 Batonibus

718 1251 944 1354 Justiciariis
972 1253 1281 1332 Vicecomitibus
1308 1253 1513 1362 Prepofitis
1533 1252 1753 1359 Majoribus
1773 1252 1932 1331 Ballivis
1953 1251 2145 1330 Ministris

719 1390 758 1450 et
777 1374 962 1452 omnibus
983 1375 1067 1453 aliis
1087 1374 1266 1454 fidelibus
1287 1375 1361 1455 suis
1393 1374 1556 1454 salutem
1613 1376 1800 1454 Sc1nn1s
1824 1376 1930 1481 quod
1950 1376 1998 1452 de
2016 1375 2147 1480 gracia

718 1495 846 1573 nostra
866 1496 1021 1604 speciali
1034 1516 1080 1575 et
1098 1525 1171 1605 pro
1190 1501 1321 1605 quiete
1341 1498 1552 1579 salvacione
1571 1517 1611 1576 et
1630 1498 1953 1606 augmentacione
1971 1497 2144 1574 Univer-

715 1616 835 1696 srtatis
862 1620 987 1697 Oxon
1015 1620 1269 1700 conceffimus
1299 1639 1338 1699 et
1366 1619 1438 1699 hac
1462 1639 1568 1699 carta
1586 1621 1714 1699 nostra
1737 1618 2055 1698 confirmavimus
2074 1644 2146 1724 pro

716 1741 828 1818 nobis
863 1759 902 1819 et
932 1739 1141 1820 heredibus
1174 1743 1310 1821 nostris
1342 1744 1585 1821 Cancellario
1616 1761 1655 1820 et
1684 1741 1902 1820 Scolaribus
1928 1732 1942 1780 f
1965 1740 2141 1846 ejusdem

714 1863 985 1944 Universrtatis
1008 1865 1113 1970 quod
1130 1864 1198 1972 ips1
1213 1883 1252 1944 et
1266 1862 1490 1943 successores
1502 1864 1559 1944 sui
1572 1867 1865 1972 imperpetuum
1880 1860 2049 1941 habeant
2061 1861 2145 1968 pri·

717 1985 860 2090 vilegia
879 2003 919 2062 et
947 1986 1145 2065 libertates
1165 1986 1377 2095 subscripta
1392 1986 1558 2066 videlicet
1614 1987 1751 2091 Qon
1774 1985 2038 2065 Cancellarius
2057 2010 2148 2091 pre-

720 2103 823 2181 disle
849 2108 1117 2186 Universatatis
1145 2127 1185 2186 et
1205 2107 1430 2188 successores
1450 2110 1507 2188 sui
1525 2126 1565 2189 et
1584 2137 1720 2189 eorum
1740 2107 1989 2188 commissarii
2017 2125 2057 2184 et
2085 2104 2147 2183 lo-

722 2243 993 2304 cumtenentes
1026 2254 1158 2305 coram
1190 2231 1314 2336 seipfis
1344 2233 1638 2338 imperpetuum
1667 2231 1837 2310 habeant
1874 2229 2150 2336 cognicionem

720 2348 1042 2426 omnimodorum
1075 2350 1311 2456 placitorum
1341 2351 1602 2459 personalium
1630 2367 1712 2429 tarn
1737 2350 1960 2429 debitorum
1980 2375 2148 2455 compo-

721 2485 855 2546 torum
891 2487 931 2546 et
971 2498 1311 2580 quorumcumque
1341 2473 1508 2553 aliorum
1534 2475 1808 2552 contrastuum
1841 2489 1880 2549 et
1917 2472 2149 2576 injuriarum

720 2617 838 2696 quam
861 2592 1198 2699 transgressionum
1222 2614 1359 2673 contra
1378 2622 1514 2702 pacem
1534 2614 1574 2674 et
1595 2594 1889 2700 mesprifionum
1909 2609 1947 2671 et
1966 2592 2149 2670 omnium

721 2713 887 2791 aliarum
920 2715 1125 2793 accionum
1158 2716 1420 2823 personalium
1447 2716 1548 2796 infra
1575 2716 1711 2795 villam
1741 2717 1859 2794 Oxon
1888 2735 1928 2794 et
1965 2714 2150 2793 suburbia

720 2835 894 2939 ejusdem
922 2855 960 2913 et
995 2836 1069 2914 alia
1096 2839 1181 2915 loca
1218 2865 1468 2945 quecumque
1487 2837 1589 2917 infra
1608 2840 1854 2946 procinctum
1876 2838 2147 2917 Univerfitatis

721 2957 894 3064 prediste
925 2955 1116 3036 factorum
1146 2955 1291 3037 felonia
1322 2976 1362 3036 et
1391 2959 1591 3036 mahemio
1621 2960 1825 3038 dumtaxat
1863 2961 2036 3066 exceptis
2080 2957 2150 3036 ubi

724 3079 914 3185 Magister
932 3085 947 3132 ⁸
966 3096 1005 3158 et
1025 3079 1188 3159 Scolaris
1209 3080 1272 3159 seu
1293 3081 1466 3159 Serviens
1487 3078 1667 3186 Magistri
1687 3080 1747 3159 vel
1767 3081 1928 3160 Scolaris
1953 3097 2019 3160 aut
2038 3105 2151 3158 com·

724 3204 856 3281 munis
889 3202 1064 3282 minister
1091 3203 1151 3282 vel
1173 3201 1301 3310 aliqua
1320 3229 1568 3309 quecumque
1583 3202 1742 3308 persona
1761 3231 1838 3310 que
1854 3201 2047 3309 aliquibus
2067 3202 2149 3310 pri-

722 3323 958 3432 vilegiorum
996 3326 1056 3404 vel
1093 3325 1322 3404 libertatum
1359 3325 1462 3404 dicte
1500 3324 1769 3403 Universitatis
1806 3325 1975 3431 gaudere
2012 3323 2150 3402 debeat

724 3473 823 3553 quos
857 3447 1053 3554 predictus
1084 3447 1349 3526 Cancellarius
1380 3447 1441 3526 vel
1471 3443 1694 3524 successores
1718 3445 1774 3524 sui
1794 3463 1860 3522 aut
1879 3472 2016 3523 eorum
2036 3473 2150 3524 com·

723 3568 880 3647 missarii
917 3571 991 3648 sive
1034 3570 1346 3648 locumtenentes
1389 3596 1460 3676 pro
1500 3566 1641 3647 talibus
1678 3567 1946 3676 calumpniare
1984 3565 2152 3644 voluerit

723 3689 778 3767 est
799 3690 858 3768 vel
878 3693 950 3770 erit
972 3720 1047 3770 una
1065 3695 1242 3800 parcium
1262 3709 1343 3770 tam
1361 3691 1409 3768 de
1429 3689 1655 3794 hujusmodi
1674 3689 1826 3795 placitis
1841 3690 1927 3792 jam
1940 3685 2150 3795 pendenti·

722 3812 796 3890 bus
816 3815 857 3893 in
879 3842 1128 3922 quacumque
1147 3816 1279 3922 placea
1299 3813 1434 3891 existat
1456 3837 1575 3922 quam
1610 3836 1681 3917 pro
1717 3828 1893 3918 tempore
1921 3809 2055 3889 futuro
2086 3812 2150 3888 in·

552 3929 590 4033 §·
617 3955 684 4037 79·
724 3937 899 4043 cipendis
1016 3940 1087 4017 ET
1118 3935 1343 4043 hujusmodi
1372 3935 1515 4043 placita
1542 3950 1700 4012 teneant
1727 3935 1767 4013 in
1793 3959 2046 4040 quocumque
2065 3931 2153 4010 loco

724 4058 827 4136 infra
855 4059 991 4138 villam
1020 4060 1235 4168 predictam
1254 4078 1294 4137 et
1313 4057 1496 4137 suburbia
1515 4055 1693 4162 ejusdem
1710 4072 1750 4134 et
1769 4055 1810 4132 in
1831 4055 1914 4134 aliis
1934 4055 2030 4135 locis
2061 4054 2152 4160 qui-

727 4177 970 4288 buscumque
990 4181 1090 4261 infra
1118 4184 1338 4290 procictum
1371 4179 1543 4288 prediste
1573 4177 1842 4257 Universitatis
1876 4179 1931 4257 eis
1965 4177 2154 4285 placuerit

725 4317 765 4379 et
785 4301 877 4378 inde
900 4307 1177 4383 execucionem
1206 4302 1422 4382 secundum
1441 4328 1578 4382 eorum
1597 4300 1703 4408 leges
1720 4318 1759 4379 et
1776 4299 2072 4379 consuetudines
2093 4297 2155 4376 vel

724 4448 795 4534 per
824 4423 954 4529 legem
975 4427 1083 4532 regni
1103 4425 1220 4505 nostri
1241 4427 1287 4504 ad
1309 4425 1553 4503 voluntatem
1573 4423 1737 4532 predisti
1759 4421 1990 4501 Cancellarii
2009 4439 2048 4499 et
2068 4420 2154 4498 suc·

726 4543 916 4625 cessorum
945 4547 1101 4626 suorum
1129 4547 1480 4627 commissariorum
1509 4546 1573 4624 seu
1606 4545 1966 4626 locumtenencium
1995 4543 2154 4636 suorum

726 4666 873 4748 saciant
935 4669 989 4747 Et
1011 4669 1059 4748 de
1080 4667 1303 4775 hujusmodi
1325 4667 1680 4778 transgressionibus
1701 4683 1782 4748 tam
1802 4694 1850 4746 ex
1880 4666 2010 4746 officio
2039 4690 2160 4773 quam

1130 4850 1334 4910 VARIE
1375 4847 1783 4910 LECTIONES.

768 4948 779 4988 f
799 4951 887 5014 diue.
1494 4965 1508 5008 Ι
1530 4954 1586 5015 vel.
1599 4953 1641 5014 H.
1657 4955 1709 5015 sol.
1725 4957 1793 5034 108,

798 5047 865 5124 deest
881 5046 1019 5126 ejusdem.
1042 5046 1084 5106 H.
1101 5046 1152 5107 sol.
1174 5049 1240 5109 108.
