5118 6544
848 593 982 694 xtv.
1055 595 1108 692 rt
1143 597 1183 690 n
1219 597 1286 690 N.
1359 597 1497 694 vnn
1645 541 1652 554 ’

467 823 528 891 tra
543 801 737 888 heredum
756 801 818 885 vel
837 799 1121 882 fuccefl'orum'
1133 799 1246 910 super
1264 745 1461 911 aliquibus
1479 800 1670 913 premissis
1681 799 1743 884 vel
1758 803 1892 916 aliquo

467 930 741 1040 premissorum
760 925 957 1036 inquirere
976 923 1041 1004 seu
1061 924 1283 1032 aliqualiter
1300 923 1531 1033 cognoscere
1550 925 1612 1008 vel
1627 927 1892 1010 intromittere

466 1052 770 1163 presumpserint
789 1052 831 1130 in
842 1047 1023 1128 futurum
1043 1047 1150 1155 quod
1170 1047 1292 1128 iidem
1311 1049 1445 1155 Major
1462 1066 1502 1129 et
1521 1050 1660 1131 Ballivi
1679 1049 1783 1130 diue
1800 1049 1894 1134 ville

292 1227 296 1232 -
468 1175 589 1256 Oxon
610 1203 654 1258 ac
673 1175 739 1254 alii
757 1171 968 1276 Justiciarii
989 1169 1320 1250 Commiffionarii
1335 1188 1374 1250 et
1392 1170 1571 1252 officiarii
1590 1173 1710 1254 noslri
1726 1174 1894 1282 predicti
1976 1235 1982 1250 ,

467 1297 515 1376 ad
527 1295 858 1378 'certificacionem
870 1289 1187 1372 notificacionem
1197 1293 1263 1373 seu
1276 1291 1606 1401 significacionem
1621 1293 1696 1376 sive
1708 1295 1891 1408 calump-

465 1399 574 1499 niam
605 1418 840 1500 Cancellan'i
872 1415 1143 1496 Universitatis
1171 1416 1344 1524 predisle
1375 1419 1445 1524 qui
1472 1443 1546 1528 pro
1574 1435 1751 1530 tempore
1769 1417 1891 1500 fuerit

352 1633 355 1642 Δ
464 1541 590 1649 e'jusve
610 1538 874 1622 Commissarii
891 1555 959 1617 aut
978 1538 1155 1648 deputati
1168 1538 1340 1645 ejusdem
1353 1539 1613 1622 Commissarii
1628 1568 1702 1651 pro
1714 1559 1892 1652 tempore

464 1664 663 1746 existentis
682 1659 1005 1774 inquisicionibus
1024 1660 1322 1769 cognicionibus
1335 1658 1560 1768 hujusmodi
1574 1682 1641 1744 aut
1653 1667 1893 1773 cuicumque

465 1785 651 1896 processui
677 1806 718 1868 et
743 1783 972 1868 execucioni
989 1784 1081 1864 inde
1101 1783 1573 1891 qualitercumque⁰inde
1591 1785 1779 1866 faciendis
1798 1813 1890 1866 om·

464 1909 628 1990 nimodo
656 1909 923 2018 supersedeant
953 1923 994 1985 et
1021 1905 1059 1986 se
1078 1906 1170 1986 inde
1188 1905 1349 1986 ulterius
1368 1907 1412 1985 in
1430 1908 1564 2016 aliquo
1582 1908 1805 1992 nullatenus
1824 1907 1890 1988 in·

464 2031 689 2112 tromittant
799 2033 1034 2140 Qro'uQru
1066 2025 1237 2110 habeant
1265 2027 1331 2107 seu
1361 2025 1488 2110 facere
1515 2048 1556 2111 et
1583 2026 1727 2111 habere
1745 2029 1888 2141 poffint
1955 2039 1992 2146 §.
2012 2068 2054 2152 7,

464 2152 588 2234 iidem
618 2153 885 2242 Cancellarius
915 2169 957 2231 et
988 2149 1150 2231 scolares
1180 2168 1222 2231 et
1249 2149 1474 2232 successores
1503 2150 1561 2234 sui
1589 2153 1760 2234 Gaolam
1787 2151 1892 2235 infra

462 2275 598 2356 villam
623 2276 839 2384 predictam
869 2273 916 2354 ad
934 2272 1084 2352 selones
1104 2280 1144 2352 a
1163 2273 1257 2352 alios
1277 2270 1544 2356 malefactores
1564 2275 1835 2386 quoscumque
1860 2277 1890 2358 fi

462 2395 538 2476 fint
563 2397 725 2477 scolares
746 2414 814 2478 aut
832 2395 973 2504 aliquis
991 2393 1227 2476 servientum
1247 2394 1312 2475 seu
1332 2394 1602 2478 ministrorum
1621 2398 1891 2506 predictorum

462 2516 670 2600 scolarium
688 2518 764 2600 five
782 2520 915 2629 aliqua
933 2517 1009 2596 alia
1023 2516 1184 2625 persona
1202 2543 1281 2625 que
1297 2517 1430 2627 aliquo
1444 2519 1653 2629 privilegio
1666 2520 1769 2600 dicte
1784 2521 1890 2601 Uni-

462 2639 646 2721 verfitatis
678 2641 847 2748 gaudere
878 2639 997 2720 debet
1026 2655 1093 2720 aut
1121 2639 1253 2748 aliqua
1281 2640 1356 2720 alia
1379 2641 1544 2751 persona
1560 2641 1637 2722 sive
1655 2639 1817 2752 persone
1833 2643 1891 2724 eia

457 2761 533 2843 five
562 2789 701 2844 eorum
731 2764 800 2845 uni
834 2779 879 2844 ut
905 2758 1101 2873 prefertur
1118 2761 1360 2844 offendentes
1379 2763 1653 2872 delinquentes
1672 2765 1748 2847 five
1765 2765 1892 2847 male·

460 2884 648 2967 facientes
677 2912 749 2996 pro
782 2913 862 2996 qua
887 2884 1120 2998 offensaseu
1136 2911 1210 2992 pro
1229 2911 1311 2991 quo
1328 2884 1475 2964 delicto
1493 2911 1637 2994 penam
1655 2887 1889 2997 imprisona·
2008 2913 2011 2922 ·

331 3037 335 3044 ·
461 3011 587 3088 menti
606 3006 749 3088 habere
769 3025 943 3088 meretur
960 3005 1036 3084 five
1055 3022 1256 3085 merentur
1273 3003 1378 3085 infra
1395 3005 1543 3086 diuam
1560 3005 1692 3088 villam
1707 3007 1891 3092 suburbia

459 3124 666 3209 hundreda
683 3145 723 3207 et
739 3129 962 3210 Comitatus
979 3127 1174 3237 predictos
1193 3145 1328 3239 captos
1356 3124 1422 3208 seu
1448 3129 1658 3238 capiendos
1678 3131 1720 3211 in
1748 3131 1888 3213 eadem

383 3285 387 3294 ·
460 3251 589 3332 Gaola
621 3251 823 3360 quousque
856 3250 906 3331 ab
935 3249 1074 3332 eadem
1101 3249 1318 3332 secundum
1345 3248 1476 3360 legem
1504 3269 1546 3334 et
1562 3252 1888 3338 consuetudinem

460 3375 571 3484 regni
590 3372 708 3454 nostri
727 3373 874 3484 Anglie
892 3371 1157 3454 deliberentur
1176 3371 1280 3454 salvo
1296 3373 1567 3458 custodiendos
1585 3394 1626 3457 et
1644 3375 1886 3488 castigandos

460 3497 532 3578 Eu
565 3496 673 3604 quod
703 3495 800 3578 dieti
826 3494 1096 3578 Cancellarius
1124 3494 1421 3578 Commissarius
1439 3497 1567 3604 ejusve
1585 3501 1794 3610 deputatus
1813 3501 1885 3581 Se·
1952 3503 1990 3611 ς.
2013 3502 2053 3588 8.

459 3617 649 3700 nescallus
682 3617 988 3701 Subsenescallus
1021 3619 1101 3698 duo
1128 3617 1362 3728 legislatores
1390 3635 1466 3700 tres
1487 3639 1555 3702 aut
1573 3622 1654 3703 duo
1671 3623 1889 3703 eorundem

458 3739 671 3847 Justiciarii
688 3737 880 3820 heredum
901 3756 942 3821 et
958 3737 1215 3822 successorum
1230 3739 1452 3822 nostrorum
1463 3767 1534 3852 per
1546 3741 1699 3826 diuum
1715 3745 1886 3827 Cancel-

458 3861 601 3944 larium
619 3888 692 3972 pro
710 3878 890 3972 tempore
907 3861 1140 3944 existentem
1159 3862 1226 3945 seu
1240 3862 1467 3946 successores
1481 3865 1569 3946 suos
1585 3883 1629 3948 ut
1642 3867 1886 3978 premittitur

458 3983 669 4096 assignandi
700 4011 872 4094 quorum
901 3986 1024 4067 trium
1052 4004 1120 4066 aut
1148 3987 1319 4068 duorum
1333 3985 1543 4097 ‚predislus
1563 3989 1800 4072 Senescallus
1817 4007 1886 4074 aut

458 4107 766 4190 Subsenescallua
785 4108 834 4190 sit
852 4106 1003 4220 semper
1021 4134 1122 4190 unus
1140 4109 1189 4190 ad
1217 4108 1387 4192 Gaolam
1406 4109 1516 4192 illam
1536 4113 1586 4192 de
1604 4112 1823 4221 prisonibus
1841 4113 1887 4194 in

458 4258 503 4312 ea
521 4229 656 4311 sivein
676 4229 752 4311 alia
771 4229 900 4312 Gaola
917 4229 1022 4312 iufra
1038 4229 1176 4313 villam
1194 4230 1270 4313 sive
1288 4232 1472 4314 suburbia
1489 4233 1664 4346 ejusdem
1682 4235 1884 4318 existenti·
1919 4264 1928 4281 ·

458 4353 531 4436 bus
556 4379 606 4434 ex
631 4379 883 4464 quacumque
909 4351 1021 4436 eausa
1049 4353 1224 4466 predicta
1251 4355 1529 4440 committendi
1558 4356 1607 4439 de
1637 4377 1814 4470 tempore
1841 4358 1885 4438 in

451 4489 614 4588 tempus
639 4475 812 4559 habeant
839 4478 1112 4560 austeritatem
1139 4495 1180 4558 et
1205 4479 1437 4588 potestatem
1456 4479 1697 4563 deliberandi
1807 4479 1880 4560 Eu·
1939 4480 1978 4588 ς.
1999 4505 2040 4586 9.

456 4600 564 4710 quod
596 4599 830 4682 vicecomes
860 4601 923 4682 vel
961 4600 1261 4683 Subvicecomes
1299 4601 1577 4685 Comitatuum
1613 4605 1883 4714 predictorum

457 4723 578 4804 Oxon
616 4738 657 4803 et
694 4722 817 4804 Berks
851 4751 925 4836 pro
952 4741 1131 4836 tempore
1159 4723 1367 4807 existentes
1395 4731 1531 4808 omnia
1550 4727 1681 4833 jurata
1706 4725 1879 4837 panellas
1994 4759 2000 4774 ’

875 4949 1087 5016 vastas
1126 4949 1462 5012 Lucutottss

494 5111 508 5144 ¹
532 5101 704 5168 nemorum.
724 5103 768 5168 tt.
784 5103 839 5180 fol,
853 5105 921 5168 rto.
1245 5113 1260 5146 ·
1271 5103 1437 5272 1deiestiude.
1456 5105 1500 5170 tt.
1515 5103 1567 5170 fol.
1581 5106 1647 5168 rtr.
1821 5197 1834 5216 ·

1818 5223 1884 5280 m.
