5118 6544
1199 641 1704 733 CARTA

733 819 818 896 lum
838 820 939 896 diste
960 817 1229 895 Universrtatis
1249 846 1319 923 pro
1340 836 1514 924 ternpore
1534 817 1763 896 existentem
1779 843 1822 896 ac
1842 817 1923 922 ejus
1945 815 2146 895 Subsenes-

734 943 878 1019 callum
914 967 984 1017 nec
1017 967 1094 1015 non
1124 941 1219 1016 duos
1249 942 1343 1046 legis
1374 941 1516 1048 peritos
1547 941 1608 1017 seu
1639 959 1714 1018 tres
1735 958 1801 1018 aut
1820 941 1916 1018 duos
1936 941 2148 1018 eorundem

732 1064 969 1169 Justiciarios
991 1063 1135 1138 nostros
1156 1061 1202 1137 ad
1222 1090 1357 1167 pacem
1380 1089 1547 1168 quorum
1568 1062 1671 1140 idem
1694 1062 1927 1139 Seneseallus
1958 1061 2017 1139 vel
2047 1061 2148 1139 Sub-

732 1186 954 1264 senescallus
972 1211 1042 1288 pro
1065 1202 1238 1290 tempore
1254 1183 1418 1261 existens
1440 1185 1484 1260 lit
1504 1185 1653 1290 semper
1674 1211 1773 1260 unus
1793 1183 1894 1260 insta
1907 1186 2041 1262 villam
2057 1183 2147 1261 sub-

735 1310 845 1387 urbia
866 1305 1083 1385 Hundreda
1111 1327 1149 1383 et
1182 1307 1403 1384 Comitatus
1423 1306 1614 1412 predistos
1634 1305 1931 1384 conservandam
1961 1305 2148 1382 Necnon

733 1431 970 1536 Justiciarios
991 1427 1134 1504 nostros
1157 1427 1203 1504 ad
1226 1431 1358 1506 omnia
1378 1445 1416 1504 et
1435 1429 1662 1505 omnimoda
1678 1428 1922 1534 prodiciones
1940 1427 2149 1504 murdraet

735 1552 896 1631 selonias
919 1548 1114 1628 mahemia
1134 1570 1172 1626 et
1192 1550 1266 1626 alia
1285 1549 1488 1628 malesasta
1507 1577 1755 1655 quecumque
1775 1549 1876 1627 insta
1895 1549 2028 1626 villam
2058 1547 2147 1624 sub-

733 1676 844 1753 urbia
863 1671 1064 1750 hundreda
1084 1690 1121 1748 et
1142 1674 1364 1749 Comitatus
1393 1671 1583 1780 predidlos
1614 1673 1888 1777 contingencia
1917 1672 1991 1749 sive
2019 1697 2148 1748 emer·

733 1798 871 1904 gencia
900 1821 968 1900 per
999 1795 1148 1899 aliquos
1178 1793 1372 1871 dictorum
1392 1794 1595 1871 scolarium
1617 1795 1879 1871 ministrorum
1899 1794 1961 1870 seu
1982 1794 2148 1871 servien-

735 1940 822 1997 tum
842 1919 997 1996 suorum
1019 1935 1085 1993 aut
1104 1908 1121 1954 ¹‘
1137 1915 1291 1994 illarum
1314 1916 1560 2023 personarum
1581 1941 1656 2021 que
1676 1914 1808 2020 aliquo
1828 1915 2031 2021 privilegio
2047 1915 2150 1991 diste

735 2040 1003 2119 Universatatis
1034 2040 1200 2144 gaudere
1232 2039 1348 2116 debet
1378 2057 1442 2115 aut
1472 2065 1540 2145 per
1568 2036 1832 2143 quascumque
1864 2036 1953 2113 alias
1975 2036 2150 2142 personas

734 2163 878 2238 eisdem
899 2161 1116 2236 Scolaribus
1145 2159 1327 2238 ministris
1348 2161 1412 2238 sen
1433 2159 1683 2237 servientibus
1703 2160 1778 2236 suis
1798 2159 1862 2236 scu
1880 2185 2015 2236 eorum
2035 2158 2151 2236 alicui

734 2301 800 2360 aut
816 2284 892 2360 illis
908 2281 1075 2388 personis
1094 2308 1170 2385 que
1185 2281 1317 2385 aliquo
1329 2283 1534 2387 privilegio
1549 2281 1717 2386 gaudere
1733 2281 1849 2359 debet
1865 2281 1914 2358 fic
1929 2281 2036 2359 illata
2052 2278 2153 2357 fasta

733 2405 807 2481 five
828 2421 1044 2512 perpetrata
1065 2403 1139 2480 srve
1159 2402 1414 2508 imposterum
1435 2402 1561 2478 fienda
1580 2419 1647 2477 aut
1666 2402 1921 2506 perpetranda
1941 2402 1987 2476 ad
2016 2402 2150 2506 inqui-

733 2526 852 2604 renda
871 2525 1060 2602 audienda
1079 2542 1117 2601 et
1138 2525 1381 2603 terminanda
1401 2542 1480 2600 tam
1503 2523 1549 2600 ad
1579 2522 1720 2599 sestam
1750 2522 1919 2600 nostram
1949 2549 2069 2626 quam
2102 2521 2151 2599 ad

595 2699 659 2720 ..
732 2649 874 2727 sestam
905 2649 1023 2753 partis
1136 2648 1227 2723 ITA
1251 2646 1355 2751 quod
1378 2673 1448 2723 nec
1471 2645 1602 2747 Major
1617 2643 1757 2721 Ballivi
1777 2645 1878 2721 diste
1897 2636 2151 2721 ville¹nostre

732 2773 850 2848 Oxon
872 2797 998 2874 neque
1012 2776 1035 2806 ¹¹¹
1049 2767 1168 2872 aliqui
1188 2765 1397 2869 justiciarii
1417 2767 1490 2844 five
1512 2765 1840 2845 Commislionarii
1860 2764 1977 2873 nostri
2005 2766 2052 2842 ad
2079 2793 2150 2873 pa-

732 2919 819 2970 cem
839 2892 880 2968 in
902 2890 1003 2968 dista
1022 2889 1114 2966 villa
1141 2885 1332 2965 suburbiis
1362 2887 1574 2965 hundredis
1606 2905 1645 2964 et
1677 2888 1940 2966 Comitatibus
1969 2887 2151 2994 predictis

732 3041 860 3121 neque
880 3013 1001 3118 aliqui
1022 3011 1086 3088 alii
1104 3009 1313 3111 Justiciarii
1329 3010 1388 3087 vel
1406 3008 1735 3088 Commishonarii
1749 3011 1860 3114 regni
1875 3009 1991 3086 nostri
2009 3009 2153 3115 Anglie

734 3136 922 3216 heredum
954 3152 1020 3211 aut
1050 3130 1304 3211 successorum
1333 3132 1552 3209 nostrorum
1572 3130 1642 3207 nist
1665 3130 1940 3209 tantummodo
1959 3130 2154 3237 predistus

734 3257 997 3338 Cancellarius
1028 3253 1321 3334 Commissarius
1351 3256 1433 3359 ejus
1456 3253 1515 3330 vel
1537 3253 1742 3358 deputatus
1763 3280 1833 3359 pro
1852 3270 2030 3360 tempore
2049 3251 2151 3330 exis-

733 3400 817 3459 tens
839 3379 1071 3459 Senescallus
1101 3376 1403 3456 Subsenescallus
1433 3393 1472 3453 et
1502 3374 1711 3479 Justiciarii
1729 3375 1895 3480 predicti
1915 3402 1984 3482 per
2002 3376 2154 3454 dietum

735 3495 1020 3581 Cancellarium
1043 3518 1085 3577 ut
1106 3501 1348 3606 premittitur
1368 3497 1577 3604 assignandi
1598 3493 1700 3573 infra
1719 3495 1853 3573 villam
1875 3496 1992 3572 Oxon
2016 3496 2154 3576 subur-

736 3626 801 3702 bia
830 3625 1031 3702 hundreda
1058 3641 1096 3698 et
1120 3622 1343 3698 Comitatus
1363 3621 1555 3726 predictos
1576 3619 1623 3695 de
1644 3617 1775 3723 aliquo
1796 3614 2063 3724 premissorum
2080 3618 2153 3696 ali-

738 3775 858 3853 quem
890 3747 1084 3823 dislorum
1116 3743 1319 3820 scolarium
1351 3738 1615 3817 ministrorum
1648 3737 1712 3813 seu
1736 3739 1971 3815 servientum
1998 3738 2155 3819 suorum

738 3888 805 3947 aut
830 3870 1000 3975 aliquem
1021 3869 1213 3945 didarum
1243 3863 1490 3971 personarum
1520 3857 1854 3967 privilegiatarum
1884 3876 2069 3965 tangente
2095 3863 2157 3941 vel

739 3997 933 4097 tangendo
949 4005 1208 4068 concernente
1227 3986 1286 4063 vel
1307 3983 1576 4064 concernendo
1596 3999 1820 4088 emergente
1841 3982 1900 4058 vel
1920 3985 2157 4089 emergendo

738 4115 936 4217 inquirant
956 4140 1026 4190 nec
1047 4112 1083 4188 se
1104 4112 1143 4188 in
1164 4108 1295 4215 aliquo
1315 4108 1578 4222 intromittant
1599 4130 1671 4182 nec
1691 4129 1827 4181 eorum
1846 4103 1985 4210 aliquis
2005 4106 2046 4182 in
2067 4133 2157 4215 pre-

741 4235 859 4310 mishs
884 4262 955 4311 nec
975 4235 1107 4339 aliquo
1126 4228 1399 4338 premissorum
1428 4228 1600 4334 inquirat
1629 4252 1701 4303 nec
1734 4227 1972 4305 intromittat
2001 4230 2157 4333 quovis·

645 4405 654 4426 .
744 4356 862 4433 modo
973 4357 1042 4431 ET
1066 4354 1093 4432 sr
1114 4354 1234 4431 iidem
1253 4353 1383 4456 Major
1404 4369 1443 4428 et
1463 4349 1603 4427 Ballivi
1621 4347 1723 4426 dicte
1749 4347 1840 4426 ville
1866 4348 1984 4426 Oxon
2006 4368 2072 4427 ant
2092 4351 2158 4430 alii

740 4477 950 4580 Justiciarii
971 4475 1301 4553 Commissronarii
1321 4474 1395 4550 five
1415 4470 1580 4551 ministri
1595 4469 1713 4548 nostri
1728 4466 1918 4550 heredum
1933 4471 1992 4548 vel
2010 4471 2158 4551 succes-

739 4603 868 4680 sorum
888 4597 1106 4677 nostrorum
1123 4594 1185 4674 seu
1206 4623 1342 4673 eorum
1362 4594 1501 4702 aliquis
1521 4594 1562 4672 in
1582 4591 1777 4700 presencia
1795 4593 1856 4672 vel
1876 4592 2050 4673 absencia
2069 4594 2158 4674 nos·

1154 4831 1371 4892 VARIAE
1413 4830 1754 4892 LECTIONES.

781 4994 796 5034 ¹¹
818 4994 947 5053 aliarum.
970 4992 1011 5050 Η.
1034 4989 1084 5053 sol.
1101 4993 1167 5050 180.
1510 4999 1529 5028 '³
1549 4991 1610 5050 alii.
1631 4991 1673 5050 H.
1689 4990 1739 5050 fol.
1756 4993 1821 5050 180.

781 5088 790 5130 ¹
809 5092 875 5164 deest
889 5089 990 5147 nossre.
1012 5087 1053 5146 H.
1069 5089 1120 5148 sol.
1140 5091 1206 5149 180.
